2008 3166
186 210 250 244 122
528 210 730 245 ENKELE
769 211 977 245 ANDERE
1017 211 1487 246 KETTERGEDINGEN

185 333 272 363 van
311 320 479 364 Nevers
514 335 566 364 en
612 322 664 365 de
701 320 943 365 edellieden
982 320 1296 378 (1326-1329),
1331 334 1424 364 was
1457 335 1538 365 een
1570 322 1650 366 der
1676 322 1830 366 hoofd-

185 402 375 431 mannen
398 402 485 432 van
517 390 619 432 deze
654 390 966 446 staatkundige
990 403 1044 433 en
1077 389 1237 432 sociale
1269 388 1520 446 beweging,
1557 404 1637 434 een
1669 391 1828 435 zekere

185 456 319 500 Jacob
352 459 478 514 Peyt,
509 472 592 502 van
617 459 978 515 Winoksbergen
1004 458 1059 515 bij
1086 457 1352 502 Duinkerke.
1379 458 1576 514 Volgens
1599 459 1650 502 de
1673 459 1830 517 tijdge-

185 529 347 569 nooten
381 540 472 569 was
506 527 564 584 hij
601 529 750 571 vooral
783 541 836 583 op
871 528 922 570 de
955 527 1291 584 geestelijkheid
1332 527 1537 584 gebeten,
1579 529 1734 573 zoodat
1766 529 1826 587 hij

185 595 433 647 wenschte,
463 595 537 638 dat
561 610 609 639 er
633 610 685 652 op
707 597 759 640 de
783 597 914 640 aarde
947 610 1070 640 maar
1093 594 1171 639 e'en
1196 596 1385 651 priester
1407 610 1528 639 meer
1549 598 1825 652 overschoot,

186 663 253 705 die
276 663 359 706 dan
391 677 476 720 nog
508 678 589 708 zou
621 665 845 721 haugen&
873 665 952 708 Als
986 678 1066 708 een
1091 665 1380 721 ongeloovige
1413 667 1530 709 zette
1563 665 1624 724 hij
1659 679 1828 722 geenen

186 735 286 775 voet
319 733 363 774 in
387 733 442 775 de
475 732 586 776 kerk
617 747 669 775 en
704 748 784 777 zou
808 734 867 791 hij
905 734 956 776 de
990 734 1202 790 priesters
1227 734 1291 777 uit
1316 734 1597 777 Vlaanderen
1622 735 1828 792 verjaagd

186 798 373 853 hebben,
413 815 469 844 na
501 801 552 844 de
586 802 704 845 hand
737 816 790 858 op
824 803 973 845 hunne
1006 801 1223 858 goederen
1258 805 1302 846 te
1333 801 1506 846 hebben
1530 802 1707 858 gelegd,
1730 803 1831 847 ‘had

185 868 278 912 God
301 882 349 911 er
373 870 464 912 niet
486 871 528 912 in
553 870 758 913 voorzien
792 871 894 913 door
917 870 1016 913 hem
1044 870 1089 913 in
1113 871 1196 913 den
1220 872 1316 927 slag
1350 885 1435 914 van
1470 872 1754 915 Hondschote
1786 875 1831 917 te

185 937 306 980 laten
329 936 615 982 sneuvelen2.
652 939 720 995 Hij
747 938 877 982 stierf
895 940 1057 982 zonder
1078 939 1131 982 de
1153 940 1314 983 laatste
1336 940 1647 985 Sacramenten
1671 945 1716 985 te
1733 944 1832 986 ont·

187 1019 379 1062 vangen.
426 1008 551 1062 Zijne
590 1008 800 1050 vrienden
847 1008 924 1051 der
964 1008 1221 1065 volkspartij
1267 1008 1547 1066 (populares)
1590 1010 1830 1054 vereerden

188 1074 289 1117 hem
313 1075 376 1118 als
400 1089 537 1118 eenen
561 1076 722 1132 heilige
745 1091 798 1120 en
822 1076 1070 1132 begroeven
1096 1077 1195 1119 hem
1220 1077 1265 1120 in
1289 1092 1395 1120 eene
1417 1077 1548 1134 kapel
1576 1077 1632 1135 bij
1657 1079 1831 1123 Koude-

189 1141 374 1195 kerke³;
398 1158 533 1196 maar,
556 1145 715 1188 zoodra
738 1145 790 1188 de
815 1146 1001 1202 opstand
1024 1145 1298 1189 onderdrukt
1315 1159 1414 1191 was
1436 1145 1610 1205 (1329),
1633 1148 1756 1191 werd
1778 1162 1832 1204 op

191 1225 269 1254 een
293 1213 449 1255 vonnis
483 1227 568 1256 van
599 1214 852 1269 Engeiram,
892 1214 1095 1271 bisschop
1130 1228 1215 1258 van
1241 1216 1475 1267 Terwaan,
1513 1229 1566 1259 en
1588 1229 1674 1259 van
1708 1217 1750 1260 al
1780 1216 1833 1259 de

185 1282 385 1336 prelaten
404 1282 482 1324 der
505 1283 670 1334 streek,
697 1283 780 1339 zijn
806 1283 882 1339 lijk
906 1286 1154 1340 ontgraven
1179 1297 1232 1326 en
1255 1285 1320 1327 als
1341 1284 1416 1327 dat
1434 1298 1519 1327 van
1544 1298 1682 1327 eenen
1703 1285 1834 1329 aller-

186 1349 569 1406 verderfelijksten
603 1352 751 1395 ketter
782 1355 849 1395 tot
881 1352 985 1395 asch
1020 1351 1240 1396 verbrand
1259 1357 1289 1396 ⁴.
1328 1354 1386 1395 Te
1420 1353 1512 1395 dier
1544 1354 1833 1410 gelegenheid

186 1432 266 1462 zou
290 1418 397 1462 zelis
423 1433 503 1462 een
536 1420 765 1475 algemeen
802 1420 1052 1464 onderzoek
1076 1421 1164 1478 zijn
1196 1421 1414 1478 ingesteld
1436 1422 1676 1477 geworden
1697 1424 1831 1479 tegen

185 1488 228 1531 al
260 1488 312 1531 de
345 1488 504 1532 leiders
537 1503 622 1532 van
658 1489 744 1533 den
776 1491 978 1546 opstand,
1014 1491 1180 1533 zoowel
1214 1490 1399 1533 levende
1433 1489 1498 1533 als
1533 1488 1712 1536 doode⁵.
1738 1491 1831 1535 Ook

229 1627 242 1649 1
266 1626 310 1659 In
342 1635 472 1660 omnes
510 1628 716 1671 praecipue
747 1637 930 1671 personas
963 1628 1243 1663 eccleciasticas
1270 1628 1440 1662 insanire
1470 1629 1636 1671 coepit...
1665 1629 1832 1664 Jacobus

185 1682 336 1723 Peyt...,
355 1682 419 1723 qui
435 1682 475 1714 in
491 1683 640 1716 tantum
657 1683 936 1717 ecclesiasticos
953 1684 1039 1716 odio
1058 1683 1203 1726 habuit,
1231 1684 1331 1725 quod
1348 1682 1467 1717 nollet
1484 1683 1558 1716 nisi
1574 1693 1692 1717 unum
1709 1684 1832 1718 solum

185 1743 384 1776 superesse
417 1736 652 1769 sacerdotem
685 1738 723 1769 et
754 1736 854 1770 hunc
888 1738 927 1769 in
956 1739 1044 1770 aere
1084 1746 1330 1779 suspensum3
1370 1736 1436 1770 sed
1464 1745 1533 1770 nec
1573 1737 1830 1772 aeclesiastico

183 1788 320 1821 viatico
360 1790 527 1823 munitus
568 1791 667 1832 apud
711 1791 994 1825 Hondescotam
1032 1791 1218 1824 occubuit.
1258 1789 1484 1833 (Chronicon
1513 1790 1739 1834 Flandriae,
1780 1794 1829 1836 bij

186 1845 242 1877 De
260 1846 375 1885 Smet,
397 1844 538 1888 &rpus
554 1845 820 1880 chronicorum
837 1846 1059 1889 Flandriae,
1086 1847 1169 1881 deel
1186 1848 1217 1887 Ι,
1245 1847 1314 1880 blz.
1334 1847 1412 1889 319,
1428 1846 1506 1889 321,
1523 1847 1609 1890 3223
1636 1847 1776 1891 Corpus
1799 1848 1831 1890 1,

186 1899 255 1932 blz.
274 1900 349 1940 181,
368 1907 407 1933 nr
425 1901 515 1944 181.)
528 1920 571 1925 -
587 1901 684 1935 Jean
702 1902 873 1943 Meslier,
890 1903 1044 1945 pastoor
1059 1912 1132 1936 van
1148 1903 1361 1945 Etrepigny
1379 1902 1415 1944 (ἦ-
1433 1902 1531 1945 1733)
1547 1902 1617 1936 liet
1632 1911 1702 1936 een
1720 1904 1831 1937 testa·

184 1957 288 1989 ment
311 1965 371 1996 na,
390 1957 533 1990 waarin
551 1958 588 1990 te
608 1957 713 1990 lezen
731 1958 846 1990 stond
862 1967 869 1990 :
893 1970 905 1987 ιι
924 1958 948 1991 J
952 1966 973 1990 e
988 1958 1179 1997 voudrais,
1196 1958 1233 1990 et
1250 1966 1292 1990 ce
1309 1966 1394 1990 sera
1410 1956 1446 1991 le
1463 1957 1616 1991 dernier
1632 1966 1778 1991 comme
1796 1958 1832 1991 le

188 2021 201 2038 n
219 2011 304 2052 plus
329 2011 463 2044 ardent
478 2012 524 2045 de
548 2021 628 2045 mes
654 2012 843 2053 souhaits,
863 2021 936 2054 que
959 2012 995 2046 16
1019 2012 1172 2046 dernier
1195 2013 1260 2046 des
1284 2012 1361 2045 rois
1384 2013 1443 2045 fut
1466 2011 1639 2056 etrangle
1663 2021 1753 2046 avec
1776 2012 1832 2048 les

188 2077 202 2093 ιι
221 2065 371 2107 boyaux
388 2066 437 2098 du
455 2066 608 2099 dernier
624 2068 769 2109 pretre.
791 2079 806 2096 »
826 2067 870 2100 In
892 2067 976 2099 1772
1000 2066 1207 2100 herhaalde
1233 2066 1392 2099 Diderot
1408 2066 1495 2100 dien
1511 2066 1663 2099 wensch
1686 2067 1725 2100 in
1742 2075 1833 2100 ver-

185 2128 263 2153 zen.
284 2120 361 2162 (Zie
377 2120 425 2153 R.
443 2121 672 2163 Alexandre‚
691 2121 744 2155 Le
769 2123 898 2156 Musae
927 2121 972 2155 de
996 2121 1034 2155 Za
1057 2122 1327 2163 conversation,
1343 2121 1380 2153 20
1403 2121 1514 2161 druk,
1532 2121 1604 2155 blz.
1621 2121 1700 2163 302,
1719 2121 1832 2165 1892.)

229 2172 243 2194 ²
265 2172 352 2214 Ipse
368 2174 545 2213 tanquam
570 2174 788 2207 incredulus
825 2174 1025 2208 ecclesiam
1056 2183 1131 2207 11011
1154 2173 1320 2207 intrabat
1337 2174 1374 2206 et
1398 2173 1508 2206 modo
1525 2173 1695 2207 inaudito
1720 2174 1833 2216 atque

184 2227 384 2269 tyrannico
413 2227 515 2260 viros
547 2228 823 2262 ecclesiasticos
855 2229 1176 2272 persequebatur3
1210 2229 1248 2262 et
1281 2228 1383 2270 ipsos
1413 2237 1542 2262 omnes
1566 2228 1774 2271 expulisset
1811 2237 1860 2263 e*

184 2283 322 2325 patria,
340 2282 449 2315 bonis
467 2291 599 2316 eorum
616 2285 739 2325 primo
758 2284 991 2326 confiscatis,
1010 2284 1083 2317 nisi
1105 2285 1205 2326 J'usto
1230 2284 1300 2317 Dei
1316 2282 1456 2325 judicio
1481 2284 1616 2318 fuisset
1638 2285 1678 2318 in
1695 2285 1832 2320 Honts-

184 2338 269 2370 cota
284 2346 353 2380 per
371 2337 586 2372 Furnenses
616 2339 772 2372 occisus.
798 2336 1022 2382 (chronicon
1045 2340 1225 2372 comitum
1237 2336 1547 2378 Flandrensium,
1566 2339 1616 2382 bij
1637 2340 1693 2373 De
1711 2340 1831 2380 Smet,

187 2391 326 2435 Corpus
352 2391 614 2427 chronicorum
642 2393 866 2437 Flandriae,
899 2393 985 2428 deel
1017 2394 1048 2436 Ι,
1073 2394 1143 2427 blz.
1177 2392 1261 2435 2023
1298 2392 1438 2436 Corpus
1462 2393 1494 2434 Ι,
1524 2393 1594 2427 blz.
1636 2394 1712 2436 181,
1755 2393 1831 2437 182,

185 2454 225 2480 nr
252 2447 342 2489 182.)

227 2501 241 2524 3
265 2500 530 2543 Saepelierunt
560 2502 688 2535 autem
713 2501 821 2535 illum
845 2502 1062 2544 Bergenses
1090 2501 1130 2534 111
1156 2501 1249 2535 aede
1274 2511 1382 2536 sacra
1411 2503 1509 2545 apud
1539 2500 1830 2535 Coudekirkam.

183 2556 386 2600 (Meyerus,
423 2556 590 2590 Annales
623 2556 847 2599 Flandrz’ae,
877 2558 944 2590 fol.
971 2557 1034 2590 130
1062 2566 1194 2599 verso;
1238 2556 1378 2601 Corpus
1406 2558 1437 2598 I,
1477 2557 1547 2590 blz.
1580 2555 1655 2597 182,
1680 2563 1720 2590 nr
1743 2556 1833 2599 184.)

185 2611 429 2645 Hondschote
447 2621 493 2644 en
512 2613 769 2646 Koudekerkc
788 2612 919 2655 liggen
937 2612 975 2644 in
994 2611 1434 2655 Fransch-Vlaanderen‚
1452 2613 1492 2646 in
1517 2612 1582 2646 het
1598 2613 1832 2656 tegenwoor-

185 2666 251 2709 dig
269 2667 747 2709 Noorder-Departement,
768 2668 816 2710 bij
837 2667 1162 2710 Winoksbergen.

228 2723 241 2744 4
266 2721 525 2763 Postmodum,
566 2722 656 2755 licet
694 2722 789 2755 fatui
827 2721 1031 2764 populares
1061 2731 1146 2755 eum
1179 2723 1360 2764 tanquam
1401 2723 1573 2756 sanctum
1613 2722 1830 2762 adorarent,

187 2775 337 2808 diabolo
377 2777 478 2818 ipsos
507 2777 724 2817 seducente,
754 2786 822 2819 per
848 2777 1032 2819 judicium
1062 2776 1321 2818 prealatorum
1353 2777 1523 2810 omnium
1550 2777 1764 2810 vicinorum
1794 2778 1833 2810 et

186 2828 400 2870 Engerrani
428 2829 571 2861 domini
590 2828 831 2871 Morinensis,
859 2829 1052 2862 diocesani
1078 2829 1263 2872 episcopi,
1283 2831 1463 2871 tanquam
1479 2829 1667 2872 pessimus
1691 2828 1830 2863 heresi-

187 2879 302 2913 archa
324 2881 413 2923 igne
430 2882 631 2914 crematus.
653 2882 780 2924 (Ibid.)

229 2939 242 2960 5
266 2935 328 2968 Fit
353 2935 509 2978 insuper
540 2945 608 2978 pcr
640 2937 766 2978 partes
801 2936 1002 2971 Flandriae
1025 2937 1222 2980 inquisitio
1255 2936 1537 2972 communitatis
1564 2935 1831 2980 principalium
