2008 3278
636 157 738 192 DER
773 156 1090 191 GEESELAARS
1129 156 1183 190 IN
1219 155 1304 188 1349
1740 152 1782 185 65

161 284 215 327 op
235 268 537 314 aehthonderd
559 269 742 313 duizend
776 282 828 312 en
852 282 969 312 meet·
990 270 1002 292 ¹
1034 270 1043 311 Ξ
1079 270 1159 312 Tot
1182 268 1225 311 in
1249 268 1475 324 Engeland
1507 267 1705 311 strekten
1730 268 1782 324 zij

158 340 307 382 hunne
340 339 520 381 tochten
554 338 633 381 uit.
670 339 729 381 De
762 337 1053 394 gelijktijdige
1083 337 1482 394 kronijkschrijver
1504 335 1670 380 Robert
1701 350 1785 379 van

158 407 391 464 Avesbury
413 406 533 450 heeft
555 406 900 463 aangeteekend,
922 406 997 450 dat
1015 420 1063 449 er
1081 405 1322 451 omstreeks
1347 406 1430 448 den
1449 404 1788 450 Sint-Michiels-

158 477 243 533 dag
275 475 350 533 (29
371 475 625 532 September
656 476 788 529 1349)
821 489 938 517 meer
970 475 1055 518 dan
1088 474 1283 517 honderd
1317 475 1493 530 twintig
1525 474 1784 517 Geeselaars

157 546 222 588 uit
244 545 522 588 Vlaanderen
557 544 858 594 aankwamen,
889 544 1068 587 meestal
1093 544 1306 586 Zeeuwen
1332 557 1384 586 en
1410 543 1684 594 Hollanders,
1714 556 1783 585 om

157 614 201 656 in
239 614 291 656 de
329 613 720 656 Sint-Pauluskerk
741 627 795 655 en
828 613 989 655 andere
1013 611 1281 655 bedehuizen
1305 626 1391 655 van
1425 612 1599 655 Londen
1634 612 1785 654 hunne

158 682 468 726 boetewerken
490 685 534 726 te
557 682 807 725 verrichten
825 681 870 724 in
891 682 919 725 ’t
943 680 1164 737 openbaar
1185 679 1217 725 ².

219 751 338 795 Doch
359 751 511 794 vooral
534 764 643 794 naar
673 750 877 802 Doornik‚
905 749 978 792 dat
1007 750 1159 793 alsdan
1193 763 1278 806 nog
1311 750 1448 792 onder·
1483 749 1534 792 de
1568 749 1789 792 Fransche

159 821 309 864 Kroon
333 820 477 872 stond,
510 820 706 877 schijnen
734 819 785 862 de
809 819 1163 863 Nederlandsehe
1185 818 1443 861 Geeselaars
1475 831 1607 861 onzer
1638 818 1790 861 Zuide-

159 889 265 946 lijke
287 890 512 945 gewesten
529 887 586 945 bij
607 889 825 931 voorkeur
844 888 991 930 hunne
1010 886 1221 930 sehreden
1239 890 1283 931 te
1301 886 1469 930 hebben
1494 886 1679 943 gericht.
1701 887 1790 929 Een

159 957 389 1001 vermaard
441 956 912 1001 0.-L.-Vr0uwebeeld
962 956 1085 999 werd
1137 956 1288 999 aldaar
1340 956 1383 999 in
1438 956 1490 998 de
1543 955 1790 998 hoofdkerk

158 1026 363 1069 bewaard
381 1039 436 1068 en
454 1029 497 1068 te
515 1026 641 1069 elken
653 1027 752 1082 jare
769 1026 813 1068 in
831 1024 1082 1081 September
1103 1038 1196 1068 was
1215 1025 1288 1068 dat
1306 1024 1429 1067 beeld
1454 1024 1527 1068 het
1554 1037 1784 1080 voorwerp

159 1109 290 1138 eener
311 1095 528 1152 plechtige
551 1095 783 1151 vereering
824 1095 983 1152 tijdens
1017 1108 1123 1137 eene
1160 1094 1393 1149 processie,
1421 1106 1542 1136 waar
1579 1093 1694 1136 Gent
1734 1107 1787 1135 en

158 1164 319 1208 andere
342 1164 493 1207 steden
518 1163 694 1207 officieel
719 1164 824 1206 door
842 1177 947 1206 eene
965 1166 1086 1206 soort
1109 1177 1194 1206 van
1207 1162 1467 1220 jaarlijksch
1490 1161 1787 1218 gezantschap

160 1247 242 1277 aan
266 1233 536 1276 deelnamen.
571 1233 690 1277 Naar
722 1232 788 1275 die
822 1231 1017 1275 bekende
1049 1232 1272 1275 bloeiende
1306 1231 1669 1288 bisschoppelijke
1694 1231 1791 1274 stad

162 1302 411 1345 stroomden
434 1315 541 1345 onze
573 1302 830 1345 Geeselaars
861 1301 905 1343 in
938 1301 1115 1358 talrijke
1148 1300 1318 1344 benden
1351 1304 1438 1344 toe.
1476 1301 1534 1343 Te
1569 1299 1663 1342 dien
1690 1300 1793 1356 tijde

162 1371 300 1414 leefde
335 1374 379 1414 te
421 1371 623 1422 Doornik‚
675 1371 719 1412 in
762 1370 814 1412 de
845 1369 1325 1427 Sint-Maartensabdij‚
1363 1383 1441 1412 een
1476 1368 1792 1425 gemoedelijke

162 1440 307 1483 blinde
331 1439 740 1497 kronijkschrijver,
765 1439 833 1482 die
866 1439 971 1482 alles
999 1439 1083 1495 dag
1114 1452 1220 1481 νοοῖ·
1243 1438 1327 1494 dag
1349 1437 1469 1480 heeft
1493 1438 1610 1481 laten
1646 1442 1792 1492 optee-

159 1508 302 1552 kenen
325 1513 415 1552 wat
438 1508 497 1565 hij
523 1508 686 1552 hoorde
708 1508 920 1551 vertellen
942 1508 986 1550 in
1009 1508 1122 1565 zijne
1148 1507 1382 1563 omgeving
1399 1521 1453 1550 en
1476 1506 1544 1549 die
1569 1520 1646 1549 ons
1672 1505 1791 1549 alzoo

158 1577 235 1622 het
267 1577 526 1634 volledigste
558 1591 612 1620 en
645 1576 1054 1633 schilderachtigste
1086 1576 1270 1620 tafereel
1304 1576 1395 1618 dier
1427 1575 1628 1618 vreemde
1664 1574 1792 1631 gods-

160 1646 379 1703 dienstige
403 1646 636 1702 beroering
659 1645 780 1689 heeft
806 1646 1110 1702 opgehangen.
1148 1647 1233 1689 Het
1266 1659 1357 1688 was
1383 1644 1433 1687 de
1456 1643 1574 1701 bijna
1604 1643 1792 1699 tachtig-

154 1715 297 1772 jarige
333 1715 534 1771 AEgidius
566 1715 614 1758 of
639 1715 764 1758 Gillis
797 1715 853 1757 Le
885 1714 1036 1758 Muisit
1067 1714 1134 1771 (of
1160 1714 1208 1756 Li
1242 1714 1427 1770 Muisis),
1475 1713 1549 1756 abt
1589 1726 1675 1755 van
1715 1712 1791 1755 het

161 1783 473 1840 bovengemeld
506 1785 720 1828 klooster.
753 1785 849 1827 Aan
882 1784 967 1840 ziJn
1000 1782 1315 1839 breedsprakig
1348 1796 1403 1826 en
1435 1782 1651 1838 kleurrijk
1694 1794 1791 1824 ver-

161 1851 282 1896 haal³
305 1853 538 1897 ontleenen
561 1853 633 1910 wij
659 1853 711 1896 de
733 1853 947 1909 volgende
969 1851 1354 1908 bijzonderheden.

222 1923 282 1964 Te
317 1922 503 1965 Doornik
536 1922 677 1978 liepen
701 1925 818 1965 eet-st
840 1922 1080 1978 geruchten
1106 1934 1209 1963 over
1232 1921 1283 1963 de
1305 1920 1561 1963 Geeselaars
1584 1933 1592 1962 ς
1620 1919 1703 1962 hoe
1736 1918 1788 1974 zij

163 1991 227 2035 uit
248 1991 486 2048 Hongarije
508 2004 562 2033 en
582 1991 647 2034 uit
669 1990 957 2034 Duitschland
975 1989 1070 2032 zieh
1089 2003 1194 2032 over
1216 1989 1294 2032 het
1316 1988 1575 2045 hertogdom
1599 1987 1794 2031 Brabant

163 2061 386 2116 verspreid
408 2060 580 2103 hadden
613 2074 668 2103 en
701 2060 865 2112 overal,
902 2059 947 2102 in
981 2059 1134 2102 steden
1167 2072 1219 2101 en
1254 2058 1436 2115 dorpen,
1475 2057 1525 2100 de
1557 2056 1790 2112 bevolking

160 2131 393 2173 aanzetten
417 2129 620 2172 kwamen
643 2143 709 2172 om
734 2128 778 2171 in
802 2128 971 2171 benden
996 2141 1079 2171 van
1103 2127 1207 2179 200,
1228 2126 1330 2177 300.
1354 2126 1442 2170 500
1463 2125 1511 2168 of
1534 2139 1652 2168 meet·
1674 2139 1793 2168 man-

205 2325 218 2348 1
241 2318 292 2353 11s
316 2318 592 2360 multiplierent
614 2327 661 2352 en
685 2318 775 2352 telle
798 2319 956 2352 matiere
981 2328 1049 2360 que
1074 2318 1214 2351 dedens
1238 2316 1273 2351 le
1298 2316 1395 2351 Noel
1420 2316 1629 2355 ensuivant‚
1648 2316 1711 2358 qui
1736 2317 1794 2348 sut

163 2375 236 2408 l'an
262 2375 328 2408 mil
357 2375 582 2417 CCCXLIX,
615 2375 662 2408 ils
689 2377 818 2410 surent
846 2376 932 2409 bien
962 2375 1046 2408 huit
1074 2377 1160 2409 cent
1189 2374 1255 2407 mil
1289 2375 1327 2408 et
1353 2374 1451 2417 plus,
1484 2374 1513 2406 si
1549 2381 1692 2406 comme
1719 2371 1794 2405 l'en

162 2431 332 2464 tenoient
347 2431 592 2473 fermement3
605 2431 700 2464 mais
717 2440 757 2465 se
774 2432 944 2465 tenoient
961 2440 1006 2464 en
1022 2430 1218 2469 Flandres,
1234 2440 1281 2463 en
1300 2429 1481 2463 Hainault
1497 2431 1534 2463 et
1551 2438 1596 2462 en
1613 2429 1791 2468 Brabant‚

164 2487 203 2519 et
219 2495 242 2527 y
259 2486 360 2519 avoit
383 2486 503 2529 grand
526 2487 649 2519 foison
666 2487 712 2519 de
736 2495 851 2529 grans
875 2486 1045 2519 hommes
1069 2487 1106 2519 et
1127 2485 1280 2529 gentils.
1300 2486 1387 2527 (HS.
1409 2485 1476 2518 der
1500 2485 1585 2518 Nat.
1606 2483 1703 2517 Bibl.
1723 2493 1793 2518 van

165 2540 300 2582 Parijs,
318 2541 458 2574 Ancien
479 2539 590 2584 fonds
616 2540 766 2581 Colbert,
794 2548 831 2574 nr
853 2540 966 2580 82983,
994 2540 1231 2583 aangehaald
1254 2540 1349 2573 door
1372 2540 1540 2582 Kervyn,
1566 2538 1726 2572 Histoire
1749 2537 1795 2572 de

164 2593 332 2629 Flandre
348 2596 486 2638 (eerste
502 2596 624 2639 uitg.),
644 2595 727 2630 deel
745 2596 814 2638 ΙΙΙ,
832 2596 901 2628 blz.
920 2595 1003 2637 3533
1026 2594 1166 2638 Corpus
1182 2595 1232 2634 II,
1252 2594 1321 2627 blz.
1343 2594 1432 2636 118).

202 2652 216 2674 ‘2
233 2650 324 2684 Plus
341 2659 451 2692 quam
466 2651 546 2692 vjxx
562 2651 746 2691 homines,
770 2660 838 2693 pro
856 2651 998 2694 majore
1014 2652 1121 2692 parte
1137 2650 1182 2683 de
1201 2649 1338 2683 Selond
1364 2651 1401 2683 et
1427 2649 1603 2682 Houlond
1621 2649 1788 2689 oriundi,

162 2714 231 2748 per
263 2705 481 2739 Flandriam
511 2706 705 2740 venientes
736 2705 957 2739 Londonias.
992 2705 1152 2747 (Robert
1182 2714 1253 2738 van
1276 2705 1498 2746 Avesbury.)

205 2760 220 2783 3
249 2759 455 2795 chronicon
481 2759 619 2804 AEqidiz‘
645 2761 692 2795 Lz'
720 2761 865 2802 Muisis,
893 2760 1034 2794 abbatis
1064 2760 1098 2793 S.
1136 2759 1293 2793 Martini
1327 2759 1579 2793 Tornacensis.
1614 2758 1713 2792 Over
1743 2759 1795 2791 Le

166 2813 310 2857 Muisit,
342 2815 397 2848 zie
428 2816 533 2849 Prof.
565 2815 611 2849 Il.
645 2816 824 2857 Pirenne‚
849 2815 887 2848 in
919 2815 965 2848 dc
993 2812 1218 2857 Bioyraphz'e
1249 2812 1452 2855 nationale,
1481 2813 1563 2846 decl
1592 2813 1645 2846 XI
1669 2812 1794 2856 (1891),

170 2869 238 2902 blz.
258 2869 414 2902 798-806.

1602 2945 1624 2976 5
