1976 3134
357 271 421 304 DE
461 270 737 310 INQUISITIE
777 272 843 306 EN
885 272 950 306 DE
989 272 1356 308 WERELDLIJKE
1396 273 1566 307 MACHT
1717 275 1778 308 177

142 378 177 424 ’t
202 380 366 423 harnas
405 384 575 424 moeten
600 381 807 437 springen
842 394 910 423 om
942 381 1032 424 hun
1070 383 1141 424 ter
1163 381 1268 436 hulp
1291 385 1335 425 te
1367 382 1522 425 komen
1542 385 1572 427 ¹.
1608 383 1701 426 Ook
1733 383 1776 425 in

142 448 219 491 het
238 449 448 492 aanslaan
468 449 545 492 der
567 448 817 492 kettersche
834 449 1173 493 volksschriften
1198 464 1251 492 en
1274 451 1317 492 in
1343 451 1491 494 hunne
1517 451 1779 507 uitlevering

147 529 231 559 aan
255 516 306 560 de
340 518 581 574 pauselijke
604 518 888 573 inquisiteurs
913 531 980 560 om
1004 518 1223 561 verbrand
1252 523 1295 562 te
1319 520 1515 572 worden,
1541 524 1711 563 moeten
1736 520 1777 563 al

139 584 193 627 de
227 585 497 642 wereldlijke
532 586 780 629 overheden
820 586 903 628 den
937 586 1298 629 kettermeesters
1335 594 1410 631 ten
1444 589 1612 631 dienste
1650 593 1775 631 staan

141 653 248 696 totis
266 653 436 698 viribus
457 653 703 712 devotisque
735 653 946 698 mentibus
978 669 1031 697 en
1072 655 1123 698 de
1148 655 1542 712 wederspannigen
1575 656 1776 699 onbarm-

143 721 292 777 hartig
333 722 552 779 kastijden
572 723 602 767 ².
649 722 867 780 Eindelijk
911 724 1052 766 zullen
1110 723 1161 766 de
1214 724 1440 780 stedelijke
1489 725 1775 780 magistraten

140 789 278 834 onder
315 790 367 833 de
405 791 545 847 hooge
583 791 746 847 leiding
788 792 866 834 der
903 792 1145 848 pauselijke
1178 792 1460 847 inquisiteurs
1502 793 1554 835 de
1595 794 1776 849 noodige

141 859 404 915 maatregels
442 863 613 903 moeten
638 874 794 903 nemen
818 863 883 903 tot
906 860 982 904 het
1006 861 1256 915 verkoopen
1291 860 1338 902 of
1354 861 1513 904 anders
1537 860 1776 917 gebruiken

141 940 228 971 van
250 927 303 970 de
325 927 806 972 verbeurdverklaarde
840 928 1112 984 bezittingen
1145 929 1222 971 der
1244 929 1496 972 kettersche
1519 930 1776 986 Beggarden

140 1009 193 1039 en
231 996 462 1053 Begijnen,
488 1001 562 1041 ten
601 997 700 1041 bate
722 998 800 1041 der
820 997 1048 1052 Inquisitie
1065 996 1095 1041 ⁵.

202 1065 373 1108 Minder
405 1066 490 1108 dan
525 1066 618 1109 vier
642 1067 745 1123 jaar
767 1066 894 1117 later,
934 1066 1032 1109 trad
1055 1066 1203 1108 keizer
1226 1067 1360 1110 Karel
1383 1067 1445 1108 IV
1476 1067 1701 1122 nogmaals
1725 1079 1777 1121 op

139 1147 208 1176 om
230 1134 282 1176 de
305 1135 546 1192 pauselijke
569 1134 836 1191 ketterjaoht
857 1135 1147 1190 krachtdadig
1179 1137 1223 1177 te
1247 1138 1449 1184 steunen,
1477 1139 1579 1177 toen
1613 1135 1690 1192 hij,
1719 1133 1775 1193 bij

137 1203 226 1259 zijn
251 1201 374 1245 bevel
398 1217 480 1246 van
510 1205 562 1247 17
578 1203 792 1247 Februari
818 1203 947 1254 1373,
970 1217 1052 1246 aan
1086 1204 1233 1258 zijnen
1268 1203 1488 1246 kanselier
1521 1203 1606 1246 den
1639 1207 1779 1246 aarts-

137 1269 337 1327 bisschop
356 1284 438 1315 van
457 1273 643 1324 Keulen,
665 1286 749 1315 aan
772 1272 887 1329 ziJne
903 1272 1166 1315 leenheeren
1183 1272 1235 1314 de
1256 1273 1474 1327 hertogen
1494 1285 1578 1315 van
1596 1272 1778 1314 Luxem·

136 1338 265 1396 burg,
288 1339 506 1397 Limburg,
523 1340 734 1393 Brabant‚
757 1355 874 1393 enz.‚
896 1354 950 1384 en
968 1355 1050 1383 aan
1069 1341 1110 1384 al
1128 1340 1243 1398 ziJne
1262 1354 1428 1396 graven
1447 1354 1500 1382 en
1518 1342 1777 1396 getrouwen

136 1410 216 1454 der
232 1410 433 1453 diocesen
452 1424 535 1453 van
555 1410 696 1462 Trier,
718 1411 891 1454 Keulen
916 1424 970 1453 en
990 1410 1096 1453 Luik
1121 1410 1202 1452 den
1223 1409 1495 1466 pauseliJken
1519 1408 1779 1464 inquisiteur

136 1492 244 1522 voor
271 1478 340 1522 die
372 1478 631 1536 geestelijke
654 1477 864 1534 gebieden
889 1492 1027 1521 warm
1059 1476 1288 1526 aanbeval,
1316 1478 1401 1519 hen
1435 1477 1552 1520 allen
1585 1476 1778 1519 aanstel-

138 1548 266 1592 lende
297 1551 362 1592 tot
397 1547 697 1590 beschermers
715 1560 799 1590 van
825 1547 908 1590 den
932 1547 1271 1589 kettermeester
1305 1558 1358 1588 en
1393 1548 1459 1589 tot
1492 1545 1778 1601 handhaving

138 1630 224 1660 van
249 1617 289 1660 al
313 1616 427 1673 ziJne
449 1616 632 1659 rechten
657 1629 711 1658 en
735 1617 1028 1659 voorreehten
1049 1613 1081 1658 ⁴.

199 1685 313 1728 Zelfs
344 1685 506 1729 zonder
538 1685 731 1728 daarvan
766 1686 844 1727 het
865 1684 1020 1742 bewijs
1053 1688 1096 1727 te
1129 1684 1310 1727 kunnen
1344 1684 1538 1734 leveren,
1565 1696 1644 1726 zou
1678 1696 1775 1725 men

182 1938 193 1960 1
219 1929 441 1964 Mandamus
459 1929 558 1971 quod
574 1929 647 1972 ipsi
672 1929 747 1961 sint
770 1929 939 1971 ipsorum
962 1927 1232 1969 inquisitorum
1249 1936 1292 1960 ac
1312 1927 1469 1969 jurium,
1486 1926 1776 1969 privilegiorum

137 1995 182 2020 ac
204 1984 424 2019 libertatum
447 1985 618 2026 ipsorum
642 1985 786 2017 tutores
810 1985 846 2017 ot
871 1984 1044 2017 efficaces
1068 1984 1354 2016 conservatores
1378 1991 1419 2016 ac
1437 1983 1670 2021 defensores,
1688 1982 1777 2013 dum

137 2042 176 2075 et
192 2041 366 2083 quotiens
383 2041 422 2073 et
437 2040 501 2073 ubi
519 2048 587 2082 per
603 2039 817 2082 praedictos
832 2038 1078 2080 inquisitores
1096 2037 1153 2071 vel
1179 2037 1344 2079 aliquem
1362 2038 1531 2081 ipsorum
1548 2037 1777 2070 vicariorum

137 2097 176 2130 et
192 2095 411 2129 officialium
429 2094 487 2128 vel
512 2094 664 2128 nomine
682 2093 902 2128 eorumdem
925 2093 1156 2135 conjunctim
1173 2093 1231 2126 vel
1249 2093 1399 2126 divisim
1422 2092 1567 2126 fuerint
1590 2091 1773 2133 requisiti.

139 2150 262 2194 (Edict
279 2159 350 2184 van
368 2149 410 2182 10
425 2150 515 2184 Juni
535 2149 650 2191 1369.)

181 2208 196 2232 2
217 2205 328 2240 Edict
343 2213 415 2238 van
431 2205 472 2236 17
487 2204 580 2238 Juni
598 2202 694 2236 1369.

182 2262 196 2286 ³
218 2261 272 2295 Ne
289 2261 414 2294 autem
432 2260 533 2293 circa
549 2260 660 2301 bona,
678 2258 949 2301 possessiones,
967 2258 1097 2291 domos
1115 2267 1180 2291 seu
1198 2259 1462 2292 conventicula
1478 2259 1516 2291 et
1534 2267 1608 2299 res,
1627 2266 1719 2299 quas
1737 2257 1776 2290 in

138 2325 210 2351 usu
233 2314 424 2348 habebant
446 2314 484 2346 et
506 2313 649 2347 habent
670 2312 889 2355 hujusmodi
913 2312 1106 2356 Beghardi
1132 2314 1170 2345 et
1194 2313 1404 2356 Beguinae,
1422 2314 1526 2346 fraus
1543 2312 1627 2346 fieri
1643 2312 1775 2354 possit,

139 2370 214 2405 tale
230 2369 456 2412 provisionis
471 2368 511 2401 in
529 2367 600 2401 hoc
616 2368 791 2402 duximus
808 2368 1017 2402 remedium
1035 2368 1286 2401 ordinandum
1307 2378 1314 2400 :
1335 2368 1434 2410 quod
1451 2368 1524 2400 duo
1542 2367 1776 2408 antiquiores

139 2423 313 2467 magistri
338 2422 547 2462 consulum,
565 2423 629 2464 qui
654 2424 741 2455 actu
766 2426 878 2456 erunt
901 2421 958 2454 vol
986 2423 1074 2455 sunt
1097 2431 1166 2464 pro
1192 2424 1377 2463 tempore,
1402 2430 1565 2455 unacum
1588 2420 1776 2454 schulteto

137 2478 196 2513 vel
212 2478 339 2521 judice
354 2476 531 2518 civitatis,
549 2477 691 2520 oppidi,
709 2478 824 2510 castri
842 2487 907 2511 seu
925 2477 1038 2510 villae
1057 2478 1086 2510 si
1113 2478 1201 2517 sint,
1218 2477 1275 2510 vel
1295 2477 1367 2510 duo
1385 2476 1451 2509 alii
1469 2476 1540 2509 viri
1562 2476 1775 2518 approbati,

137 2533 262 2568 clarae
279 2533 416 2573 famae,
432 2531 617 2565 habentes
634 2532 756 2566 Deum
780 2541 871 2574 prae
897 2532 1016 2565 oculis
1040 2533 1078 2565 in
1104 2532 1196 2565 locis
1214 2532 1276 2564 ubi
1295 2530 1469 2574 magistri
1486 2530 1683 2564 consulum
1700 2539 1774 2563 non

138 2589 238 2629 sunt,
257 2586 313 2620 vel
332 2586 430 2620 alter
445 2595 590 2628 eorum,
608 2596 701 2628 quos
724 2586 930 2628 inquisitor
945 2587 991 2621 de
1015 2586 1173 2620 consilio
1190 2586 1440 2620 discretorum
1465 2587 1504 2619 et
1527 2585 1614 2619 fidei
1631 2584 1775 2618 zelato-

138 2650 222 2675 rum
247 2640 471 2679 nominabit,
496 2639 598 2673 illius
631 2640 719 2681 loci,
748 2641 786 2673 in
812 2650 885 2682 quo
914 2640 1130 2683 hujusmodi
1156 2641 1300 2680 domus,
1325 2639 1589 2673 conventicula
1614 2647 1775 2672 unacum

139 2696 243 2730 certo
268 2694 399 2727 nuntio
423 2695 660 2735 inquisitoris
684 2695 752 2728 sub
776 2696 994 2728 testimonio
1019 2696 1134 2728 trium
1159 2695 1322 2728 aliorum
1345 2695 1513 2727 virorum
1538 2694 1611 2727 fide
1635 2693 1776 2736 digno-

138 2757 237 2789 rum,
254 2748 300 2782 de
324 2748 542 2790 praemissis
559 2748 733 2782 domibus
757 2758 797 2782 se
821 2750 1088 2791 intromittant,
1107 2749 1334 2782 auctoritate
1353 2749 1482 2781 nostra
1497 2746 1689 2790 imperiali
1705 2746 1777 2779 hoc

139 2804 231 2847 ipsis
271 2803 498 2845 imponimus
539 2804 577 2836 et
614 2803 835 2837 mandamus
875 2805 1023 2848 gratiae
1063 2805 1213 2837 nostrae
1248 2805 1286 2837 et
1320 2803 1484 2837 Romani
1522 2801 1674 2845 imperii
1709 2801 1777 2835 sub

140 2858 310 2898 obtentu,
328 2859 380 2898 et,
401 2857 624 2899 quantocius
649 2859 843 2892 commode
868 2860 1061 2901 poterunt,
1086 2859 1250 2892 vendant
1274 2857 1490 2900 huJusmodi
1514 2857 1613 2891 bona
1636 2858 1674 2891 et
1696 2858 1777 2890 tra-

143 2912 246 2952 dant,
264 2911 506 2951 distribuant,
525 2912 731 2954 assignent,
750 2921 827 2945 enz.
846 2912 972 2953 (Edict
988 2922 1059 2946 van
1078 2913 1118 2944 17
1134 2912 1157 2946 J
1161 2912 1225 2945 uni
1245 2911 1356 2953 1369.)

188 2967 201 2988 ⁴
224 2964 424 3006 Mosheim‚
443 2965 497 2999 De
517 2964 735 3008 Beyhardis,
755 2967 824 3000 blz.
843 2966 1006 3008 3883923
1028 2966 1168 3010 Corpus
1184 2967 1214 3006 1,
1232 2966 1301 2999 blz.
1320 2965 1476 2999 225-228.

1608 3024 1648 3057 12
