2008 3166
133 129 177 162 90
688 129 751 164 DE
793 129 1233 165 ONDERDRUKKING

134 241 317 285 schillen
345 254 427 284 van
455 240 646 285 redactie
667 242 751 300 zijn
781 243 833 286 de
855 246 971 287 twee
997 241 1186 286 stukken
1210 241 1518 296 eensluidend;
1546 258 1668 288 maar
1689 258 1770 288 aan

132 311 208 354 het
232 311 357 354 einde
391 311 551 353 missen
575 311 649 368 wij
675 311 951 370 belangrijke
981 311 1226 368 gedeelten.
1253 312 1354 356 Niet
1382 312 1522 355 alleen
1546 313 1582 356 is
1605 313 1701 356 hier
1722 314 1774 356 de

132 380 292 423 laatste
327 380 566 435 paragraaf
590 381 862 436 uitgevallen
893 395 999 425 over
1035 381 1110 424 het
1143 381 1309 424 zenden
1342 395 1428 425 van
1461 395 1541 424 een
1573 381 1774 426 afschrift

132 463 214 491 aan
258 449 311 490 de
368 447 667 504 suffraganen.
725 450 914 507 hetgeen
968 451 1321 509 onvermijdelijk
1362 465 1478 503 was;
1528 465 1650 494 maar
1691 452 1774 511 ook

131 516 367 560 ontbreekt
390 517 444 560 de
468 517 651 573 scherpe
674 520 917 575 paragraaf
935 534 1040 564 over
1061 521 1139 564 het
1162 521 1341 565 straffen
1365 522 1442 565 der
1464 520 1771 578 geestelijken‘,

131 589 199 631 die
240 591 330 631 met
362 588 414 630 de
445 588 704 632 Geeselaars
743 591 985 648 gezondigd
1020 591 1206 644 hebben,
1243 594 1422 636 evenals
1460 593 1512 635 de
1545 592 1781 649 paragraaf

132 671 236 700 over
259 658 335 700 het
356 658 552 700 toelaten
576 657 653 700 der
675 657 990 703 boetewerken
1020 660 1172 704 buiten
1195 661 1279 704 alle
1301 661 1555 705 kettersche
1577 674 1773 706 vormen.

131 727 224 783 Zijn
258 726 325 769 die
358 729 476 769 twee
508 726 668 770 laatste
700 728 931 784 gedeelten
966 729 1161 773 wellicht
1184 730 1289 773 door
1312 731 1363 773 de
1398 729 1667 785 nalatigheid
1690 743 1776 773 van

129 809 268 838 eenen
286 795 551 851 asschrijVer
569 797 815 853 eenvoudig
838 798 1175 853 weggevallen?
1197 799 1247 841 In
1273 798 1325 842 de
1346 798 1653 842 Nederlanden
1674 798 1777 842 toch

129 864 309 907 werden
353 864 406 906 de
450 864 787 921 medepliohtige
828 867 1120 924 geestelijken
1165 868 1256 911 niet
1299 867 1545 923 ongestraft
1580 867 1774 923 gelaten.

128 933 351 976 Froissart
377 938 474 988 zegt
509 933 834 991 uitdrukkelijk
858 936 899 978 in
934 936 1048 992 zijne
1081 935 1213 979 derde
1242 935 1432 980 redactie
1459 949 1467 978 :
1503 953 1520 975 α
1544 936 1600 978 Et
1630 935 1779 978 furent

128 1004 226 1045 tout
241 1000 484 1059 beneficyet
502 1004 547 1045 et
571 1006 665 1046 tout
689 1004 853 1055 clerch,
875 1005 947 1059 qui
971 1003 1063 1047 este
1079 1019 1109 1062 y
1127 1005 1317 1056 avoient,
1340 1006 1636 1061 escumenyet‚
1657 1006 1701 1047 et
1719 1017 1773 1046 en

129 1073 309 1116 convint
334 1073 395 1115 les
429 1073 648 1129 pluiseurs
681 1075 775 1117 aler
798 1088 851 1117 en
886 1078 1010 1118 court
1036 1076 1088 1118 de
1110 1077 1289 1119 Romme
1322 1089 1432 1132 pour
1454 1088 1564 1132 yaus
1596 1074 1777 1130 purgier

129 1145 173 1185 et
205 1141 315 1185 faire
357 1141 538 1186 absorre
569 1144 600 1186 ¹.
646 1160 663 1181 1>
703 1144 769 1186 En
807 1144 850 1186 in
886 1144 1000 1200 zijne
1033 1144 1181 1187 vierde
1220 1145 1410 1188 redactie
1447 1146 1548 1200 zegt
1585 1143 1646 1200 hij
1687 1156 1775 1199 nog

128 1213 429 1269 omstandiger
458 1228 467 1257 :
506 1232 523 1253 «
547 1214 601 1256 Et
627 1214 775 1258 furent
799 1220 1115 1273 esquemunyet
1138 1216 1190 1259 de
1212 1216 1279 1259 lor
1301 1215 1395 1267 fait,
1422 1219 1465 1259 et
1488 1228 1567 1271 par
1589 1214 1776 1270 especial

127 1285 168 1326 le
190 1282 364 1338 olergit‚
392 1283 464 1337 qui
487 1296 727 1338 avoecques
750 1284 844 1326 euls
876 1285 1006 1327 estoit
1029 1289 1072 1328 et
1095 1298 1143 1328 sa
1176 1285 1448 1341 compagnie,
1475 1287 1520 1327 et
1542 1297 1596 1327 en
1625 1282 1775 1326 furent

127 1352 344 1407 pluisseur
378 1354 520 1404 curet,
547 1352 778 1395 chanonne
811 1356 854 1396 et
876 1353 1088 1409 eapelain‚
1127 1354 1199 1409 qui
1231 1354 1297 1396 lor
1320 1353 1524 1409 oppinion
1557 1351 1772 1401 tenoient,

126 1420 271 1476 privet
295 1420 346 1463 de
377 1420 445 1463 lor
475 1419 712 1472 benefisce;
739 1425 784 1464 et
805 1422 876 1477 qui
907 1421 1153 1465 absolution
1177 1423 1312 1466 voloit
1335 1421 1473 1473 avoir,
1499 1421 1530 1463 il
1553 1421 1594 1464 le
1616 1433 1776 1463 conve-

127 1490 220 1532 noit
253 1489 347 1532 aler
368 1487 516 1545 querir
540 1503 593 1531 en
627 1490 848 1546 Avignon.
878 1507 901 1530 2)

186 1559 246 1600 De
283 1558 585 1614 tijdgenooten
629 1558 717 1616 zijn
761 1558 839 1602 het
877 1572 980 1601 eens
1019 1572 1086 1601 om
1130 1573 1211 1602 aan
1252 1563 1297 1602 te
1335 1558 1567 1609 teekenen‚
1609 1557 1684 1600 dat
1721 1557 1774 1599 de

126 1626 621 1682 Geeselaarsbeweging
669 1627 765 1670 zieh
813 1630 904 1670 niet
953 1641 1058 1670 over
1104 1627 1180 1671 het
1231 1627 1488 1684 koninkrijk
1534 1625 1773 1683 Frankrijk

125 1698 296 1753 (buiten
320 1698 398 1740 het
429 1696 691 1752 graafschap
715 1696 1015 1753 Vlaanderen)
1037 1696 1126 1738 kon
1150 1697 1445 1749 uitstrekken,
1472 1692 1589 1739 dank
1611 1707 1695 1738 aan
1717 1694 1771 1737 de

126 1766 437 1809 doortastende
461 1765 727 1820 maatregels
751 1765 856 1807 door
874 1764 1040 1820 koning
1061 1765 1229 1821 Philips
1251 1766 1314 1808 VI
1336 1778 1567 1821 genomen.
1595 1764 1772 1819 Hooger

127 1834 252 1878 reeds
285 1848 423 1890 zagen
458 1833 550 1890 wij,
589 1834 662 1876 dat
697 1834 757 1890 hij
794 1834 914 1876 alzoo
947 1833 1163 1877 handelde
1197 1848 1248 1890 op
1289 1832 1562 1889 aandringen
1594 1845 1680 1876 van
1717 1832 1770 1875 de

127 1902 418 1960 godgeleerde
441 1901 638 1945 faculteit
662 1901 739 1944 der
762 1902 987 1959 Parijsche
1011 1902 1311 1959 Hoogesohool
1336 1899 1367 1946 ².
1403 1903 1462 1944 De
1483 1901 1651 1959 koning
1683 1903 1770 1946 had

127 1974 170 2016 in
202 1973 280 2015 het
313 1970 464 2026 gebied
501 1983 584 2013 van
617 1969 794 2012 iederen
822 1969 987 2027 baljuw
1010 1971 1129 2014 laten
1163 1970 1450 2026 afkondigem
1488 1970 1564 2013 dat
1596 1985 1695 2014 men
1718 1971 1771 2014 de

125 2041 384 2084 Geeselaars
418 2040 507 2082 niet
541 2039 735 2082 toelaten
770 2040 916 2083 mocht
940 2038 971 2091 ³,
1009 2053 1131 2082 maer
1163 2053 1393 2096 gevangen
1431 2043 1568 2082 moest
1593 2052 1766 2083 nemen.

126 2113 212 2154 Het
235 2124 327 2153 was
352 2109 583 2164 overigens
606 2121 746 2164 geene
781 2108 916 2151 lichte
939 2109 1048 2151 zaak
1071 2109 1157 2151 hen
1181 2108 1245 2152 uit
1271 2107 1510 2164 Frankrijk
1533 2110 1577 2151 te
1599 2122 1765 2159 weren,

125 2179 231 2222 daar
254 2179 306 2236 zij
332 2179 376 2220 in
400 2167 732 2233 Henegoffwen,
761 2176 805 2218 in
829 2176 1024 2220 Brabant
1047 2191 1101 2219 en
1127 2177 1170 2220 in
1201 2178 1239 2219 V
1244 2177 1480 2219 laanderen
1504 2177 1588 2232 (dit
1608 2177 1771 2220 laatste

125 2248 229 2291 land
268 2247 396 2290 stond
433 2247 570 2289 onder
603 2246 654 2287 de
693 2246 917 2288 Fransche
957 2247 1118 2300 kroon)
1161 2259 1236 2288 zoo
1275 2245 1424 2301 talrijk
1468 2258 1634 2288 waren.
1677 2246 1770 2288 Een

125 2317 370 2374 tijdgenoot
403 2315 521 2372 geeft
552 2328 601 2357 er
635 2314 687 2356 de
711 2314 926 2369 volgende
955 2314 1322 2371 bij20nderheden
1356 2328 1460 2358 over
1487 2329 1496 2358 :
1537 2333 1555 2354 α
1585 2317 1642 2359 Et
1674 2314 1769 2357 vin-

168 2574 180 2596 1
208 2564 448 2609 Chroniques,
470 2564 553 2598 deel
576 2565 622 2606 V,
640 2564 710 2597 blz.
730 2563 818 2606 ‘2753
835 2564 974 2607 Corpus
993 2563 1043 2602 11,
1057 2563 1124 2595 blz.
1147 2562 1221 2594 131.

166 2626 179 2646 ’Ξ
204 2620 416 2663 Vervolger
441 2629 487 2661 op
510 2618 725 2653 Guillaume
751 2619 796 2652 de
822 2619 970 2662 Nangis
986 2629 993 2650 :
1011 2618 1172 2651 Parisiis
1197 2618 1322 2650 autem
1345 2626 1418 2649 non
1441 2616 1626 2649 venerunt
1648 2623 1770 2658 neque

127 2678 173 2710 ad
200 2682 326 2718 partes
351 2674 580 2714 Gallicanas,
608 2674 792 2716 prohibiti
816 2683 885 2716 per
909 2674 1102 2706 dominum
1127 2681 1259 2715 regem
1284 2672 1480 2711 Franciae,
1498 2671 1563 2713 qui
1587 2670 1710 2704 noluit
1733 2675 1772 2704 et.

126 2733 194 2765 hoc
214 2731 303 2763 fecit
321 2730 366 2762 de
384 2729 542 2762 consilio
564 2730 838 2771 magistrorum
855 2729 893 2761 in
910 2728 1105 2770 theologia
1122 2727 1379 2761 universitatis
1397 2726 1636 2759 Parisiensis.

167 2790 182 2811 3
207 2786 258 2819 Le
277 2785 407 2817 Muisit
425 2796 433 2816 z
455 2786 503 2818 Et
523 2785 639 2818 etiam
656 2793 724 2817 rex
742 2784 925 2817 Franciae
943 2784 1033 2816 fec-it
1051 2782 1201 2825 publice
1225 2781 1461 2825 proclamare
1480 2781 1618 2822 ubique
1635 2780 1675 2813 in
1691 2780 1769 2813 suis

129 2841 306 2880 bfflliviis,
326 2840 424 2881 quod
444 2839 571 2872 nullus
588 2839 722 2872 talium
740 2839 985 2881 reciperetur.
