2008 3166
149 114 193 148 82
696 107 761 146 DE
803 108 1254 146 ONDERDRUKKING

223 247 241 269 «ι
266 226 367 270 Wie
389 239 467 268 zou
500 238 549 267 er
581 237 664 266 aan
697 223 877 266 kunnen
900 222 1114 278 twijfelen
1141 246 1196 253 —
1220 225 1376 277 vraagt
1398 221 1450 265 de
1472 220 1788 278 gemoedelijke

151 299 209 341 Le
238 295 389 339 Muisit
420 318 472 325 —
507 293 583 335 dat
615 292 668 334 de
698 292 952 335 Geeselaars
986 305 1092 334 eene
1126 291 1297 334 nieuwe
1330 290 1421 333 niet
1455 289 1791 346 goedgekeurde

149 362 392 420 kerkelijke
440 360 639 416 regeling
690 359 944 412 invoerden,
996 360 1234 416 aangezien
1290 358 1342 415 zij
1401 359 1550 401 hunne
1592 357 1792 413 bloedige

149 431 388 490 penitentie
424 429 470 472 in
508 428 691 480 ker-ken,
738 428 955 470 kloosters
994 441 1048 470 en
1087 428 1248 470 andere
1291 426 1552 483 geestelijke
1589 427 1791 482 plaatsen

148 500 450 549 volbrachten,
476 510 598 539 waar
630 495 701 538 elk
723 495 1076 552 bloedvergieten
1111 495 1330 539 verboden
1357 495 1424 538 is?
1458 495 1524 537 En
1548 494 1713 550 terwijl
1738 494 1790 537 de

148 566 393 626 goddelijke
415 566 616 609 diensten
640 579 694 607 en
712 564 765 606 de
783 564 863 606 mis
881 565 924 607 in
948 564 1001 607 de
1017 564 1186 606 ker-ken
1208 563 1386 607 werden
1405 563 1592 619 gedaan,
1615 562 1792 605 hielden

147 639 198 695 zij
225 637 329 680 daar
350 648 487 691 geene
511 632 725 688 rekening
744 646 827 675 van
847 646 900 675 en
921 632 1131 675 oefenden
1152 632 1202 689 zij
1226 646 1275 675 er
1292 632 1392 674 toch
1417 633 1565 675 hunne
1589 630 1796 674 storende

147 704 458 749 boetewerken
480 702 544 744 uit
567 700 599 744 ¹.
636 718 654 740 »
686 700 741 743 Al
764 701 867 743 deze
895 704 1048 757 groote
1081 718 1099 741 α
1125 700 1462 756 nieuwigheden
1496 716 1513 739 1>
1545 699 1632 756 zijn
1661 703 1794 755 tegen

154 775 207 817 de
229 774 320 817 leer
338 772 416 815 der
438 769 560 813 Kerk
585 783 638 812 en
660 768 969 825 afschuwelijk
988 783 1057 812 om
1074 784 1122 813 er
1145 783 1228 812 aan
1247 772 1291 812 te
1310 768 1482 811 denken
1506 767 1553 810 of
1572 781 1641 810 om
1658 781 1794 810 ervan

150 847 194 887 te
236 840 443 898 spreken,
478 839 609 893 voegt
641 837 699 894 hij
744 851 792 879 er
825 836 878 893 bij
915 840 945 880 ².
984 838 1082 896 Van
1120 838 1197 880 het
1229 839 1380 880 storen
1424 836 1503 879 der
1546 835 1794 893 goddelijke

148 911 349 954 diensten
376 909 421 951 in
454 907 506 950 de
539 904 783 949 hoofdkerk
816 919 870 947 en
912 905 956 948 in
991 905 1043 948 de
1077 905 1238 949 andere
1271 905 1440 948 kerken
1479 919 1561 948 van
1598 904 1789 946 Doornik

149 979 331 1023 kunnen
364 977 416 1035 zij
441 976 547 1019 door
581 974 632 1017 de
656 974 990 1031 geestelijkheid
1014 974 1106 1017 niet
1127 973 1244 1017 belet
1267 973 1463 1026 worden,
1491 974 1597 1016 daar
1622 986 1718 1016 men
1742 986 1791 1015 ze

151 1164 452 1199 convocaverunt
468 1163 514 1196 de
530 1160 724 1204 religiosis
741 1159 1044 1193 mendicantibus
1060 1159 1098 1191 et
1114 1159 1161 1191 de
1185 1159 1318 1200 peritis
1344 1158 1518 1201 pluribus
1536 1168 1622 1193 cum
1637 1159 1716 1193 illis
1733 1161 1798 1202 qui

153 1221 386 1263 scripserunt
401 1219 518 1252 verba
533 1217 623 1250 dict-i
647 1214 923 1258 praedicatoris
946 1215 983 1247 et
1006 1222 1092 1246 cum
1115 1212 1245 1245 multis
1270 1213 1355 1246 aliis
1378 1214 1552 1256 personis
1569 1214 1742 1248 discretis
1759 1216 1800 1248 et

151 1276 388 1314 venerandis,
407 1273 669 1308 examinantes
693 1279 757 1303 eos
781 1278 895 1311 super
917 1268 1122 1310 propositis
1139 1268 1177 1301 et
1192 1268 1303 1301 dictis
1319 1269 1359 1301 in
1377 1269 1660 1310 praedicatione
1676 1271 1791 1303 ante-

152 1331 253 1363 dicta
269 1339 291 1364 a
307 1331 407 1362 dicto
425 1330 557 1369 fratre,
576 1328 614 1360 et
631 1334 744 1367 super
767 1324 839 1357 hoc
856 1323 1206 1357 deliberaverunt...
1226 1323 1260 1355 N
1263 1332 1306 1356 00
1323 1325 1379 1356 est
1396 1324 1792 1365 praetermittendum,

152 1386 253 1428 quod
270 1385 392 1418 dictus
407 1384 527 1416 frater
542 1381 718 1415 Jacobita
733 1380 773 1412 in
790 1378 879 1411 villa
895 1379 941 1412 de
957 1377 1210 1411 Valenchenis
1235 1377 1376 1410 similia
1393 1378 1491 1410 sicut
1508 1379 1547 1411 1η
1566 1379 1740 1412 Tornaco
1759 1379 1798 1412 et

154 1441 341 1483 ampliora
364 1437 614 1482 praedicavit3
632 1436 733 1468 unde
750 1434 904 1476 quidam
928 1432 1058 1466 clerici
1083 1432 1275 1466 scholares
1292 1434 1377 1475 post
1394 1442 1608 1467 sermonem
1624 1435 1798 1468 fecerunt

152 1495 189 1528 ei
207 1495 459 1537 opponentes3
478 1492 542 1525 sed
566 1492 723 1533 propter
747 1489 968 1522 societatem
986 1497 1071 1521 cum
1088 1497 1161 1529 qua
1184 1489 1264 1521 ibat
1286 1488 1410 1530 ipsum
1428 1489 1534 1522 abire
1550 1490 1798 1531 dimiserunt3

154 1551 192 1582 et
207 1549 279 1582 1100
296 1549 388 1582 scivi
405 1557 426 1580 a
442 1547 616 1589 pluribus
633 1546 775 1578 ibidem
790 1544 1066 1586 praesentibus.
1086 1543 1134 1576 Et
1151 1544 1204 1576 sic
1220 1544 1312 1576 fecit
1330 1544 1370 1575 in
1386 1543 1558 1586 pluribus
1574 1544 1680 1586 locis,
1699 1545 1798 1578 siout

152 1604 383 1638 invenerunt
398 1602 457 1635 1111
475 1603 522 1635 de
539 1602 712 1634 Tornaco
730 1601 843 1641 atque
861 1599 1065 1632 sciverunt.

195 1661 208 1683 1
232 1661 285 1693 Le
310 1659 468 1693 Muisit:
497 1658 543 1693 Et
572 1658 656 1699 quis
684 1657 831 1690 dubitet
854 1655 955 1688 istud
979 1663 1061 1689 esse
1084 1655 1202 1688 ritum
1226 1663 1378 1695 novum,
1407 1655 1496 1696 quia
1523 1654 1798 1696 poenitentiam

152 1725 259 1749 suam
276 1717 316 1749 in
334 1715 518 1756 ecclesiis,
536 1715 576 1747 in
602 1713 844 1746 monasteriis
868 1713 905 1745 et
929 1711 1023 1744 10015
1048 1710 1315 1744 ecclesiasticis
1338 1711 1541 1751 faciebant,
1559 1711 1625 1743 ubi
1641 1711 1687 1744 de
1711 1710 1798 1752 jure

151 1772 360 1813 approbato
385 1780 460 1803 non
479 1770 592 1802 debet
619 1769 704 1805 fieri
719 1777 870 1810 quoquo
895 1767 1006 1800 modo
1031 1766 1228 1808 sanguinis
1252 1765 1386 1799 effusio
1404 1765 1591 1799 violenta?
1609 1765 1658 1798 Et
1683 1765 1799 1798 etiam

152 1827 301 1868 quando
319 1827 433 1859 fiebat
450 1826 620 1857 divinum
637 1824 805 1857 officium
828 1824 866 1856 et
888 1823 1059 1864 privatae
1082 1821 1220 1854 missae
1237 1821 1461 1854 dicebantur
1485 1821 1525 1853 in
1549 1820 1734 1860 ecclesiis,
1753 1820 1800 1853 de

152 1881 225 1914 hoc
243 1890 318 1914 ηοη
335 1880 520 1914 curabant
535 1888 605 1912 nec
621 1878 736 1912 ritum
753 1886 863 1911 suum
875 1878 1001 1910 facere
1020 1876 1256 1908 omittebant.
1274 1893 1316 1899 —-
1328 1875 1373 1909 In
1391 1884 1486 1908 eene
1502 1875 1624 1908 latere
1640 1875 1805 1916 vijftien·

153 1935 376 1970 deeuwsche
392 1935 547 1976 kronijk
565 1934 688 1967 wordt
705 1934 776 1966 den
795 1931 1016 1965 Geeselaars
1032 1932 1237 1973 verweten,
1256 1931 1320 1963 dat
1335 1930 1378 1971 zij
1398 1931 1437 1963 in
1455 1930 1500 1963 de
1516 1929 1665 1963 kerken
1683 1930 1803 1962 onder

153 1992 199 2025 de
215 1992 286 2024 mis
311 1990 466 2024 hunnen
491 1990 589 2023 hoed
606 1989 684 2022 niet
702 1989 881 2021 afnamen
903 1986 1000 2019 noch
1016 1987 1065 2027 bij
1086 1985 1151 2019 het
1168 1985 1273 2019 lezen
1289 1994 1361 2018 van
1380 1985 1446 2018 het
1461 1984 1686 2027 EvangeHe,
1705 1984 1804 2018 noch

152 2046 334 2080 knielden
350 2046 398 2087 bij
418 2046 465 2079 de
485 2044 645 2078 elevatie
661 2053 732 2077 van
750 2044 823 2076 den
847 2042 940 2075 kelk
957 2041 1182 2075 bevattende
1206 2040 1272 2074 het
1288 2039 1452 2073 lichaam
1474 2040 1540 2073 des
1558 2040 1711 2073 Heeren
1732 2050 1739 2072 :
1759 2039 1804 2072 Et

152 2102 226 2145 ipsi
242 2102 282 2134 in
298 2100 467 2135 ecelesiis
484 2100 690 2133 existentes
719 2107 794 2131 non
810 2097 1001 2131 faciebant
1025 2096 1281 2129 reverentiam
1299 2095 1345 2128 ad
1363 2094 1614 2129 elevationem
1632 2095 1802 2137 corporis

154 2157 295 2191 Christi
323 2165 392 2190 nec
419 2155 548 2189 calicis
575 2155 615 2187 in
643 2154 770 2194 missa,
797 2153 885 2194 quia
909 2162 977 2186 nec
1000 2151 1143 2194 pileum
1166 2159 1236 2184 nec
1260 2151 1458 2193 capucium
1482 2151 1707 2184 amovebant
1731 2159 1802 2183 nec

155 2212 340 2246 flectendo
368 2220 494 2254 genua
519 2210 621 2243 idem
649 2218 785 2251 corpus
813 2207 1092 2241 sanctissimum
1120 2206 1340 2239 adorabant.
1366 2206 1408 2239 In
1435 2204 1598 2238 lectione
1623 2204 1802 2238 similiter

155 2267 275 2299 saneti
291 2264 504 2308 Evangelii,
523 2265 612 2297 dum
635 2263 857 2297 solemniter
881 2261 1083 2304 legebatur
1099 2262 1138 2293 in
1155 2261 1329 2302 ecclesia,
1348 2268 1418 2293 nec
1435 2259 1579 2302 pileum
1597 2268 1667 2293 nec
1683 2268 1801 2301 capu-

155 2322 256 2355 cium
288 2321 520 2354 amovebant.
550 2318 792 2361 (Chronz'cum
820 2318 997 2350 comitum
1025 2315 1334 2356 Flandrensz'um,
1364 2316 1592 2358 nitgegeven
1617 2315 1710 2348 door
1745 2315 1800 2348 De

156 2377 271 2417 Smet,
302 2375 442 2419 Corpus
468 2373 728 2408 chronicorum
744 2371 963 2413 Flandriae,
993 2371 1077 2404 deel
1102 2371 1132 2413 Ι,
1164 2371 1232 2403 blz.
1262 2370 1346 2412 '2263
1368 2370 1510 2413 Corpus
1534 2369 1584 2409 ΙΙ,
1618 2369 1686 2402 blz.
1708 2369 1802 2411 132.)

154 2423 199 2464 Ῑη
223 2431 364 2464 andere
396 2439 472 2473 nog
505 2429 653 2462 minder
680 2428 1004 2471 geloofwaardige
1030 2426 1233 2467 kronijken
1264 2426 1369 2458 vindt
1398 2434 1485 2458 men
1518 2425 1799 2458 aanteekenin-

154 2495 229 2529 gen
256 2495 327 2519 van
355 2485 577 2519 denzelsden
608 2484 726 2518 aard:
761 2483 867 2516 Ende
894 2492 937 2525 zy
965 2481 1096 2514 hilden
1125 2482 1208 2514 vele
1240 2480 1642 2523 ongheloovichhede:
1676 2489 1718 2522 sy
1752 2488 1799 2513 en

153 2541 334 2574 knielden
351 2550 441 2573 voor
464 2539 608 2573 thelich
632 2540 846 2572 sacrament
870 2538 962 2576 niet,
980 2536 1141 2570 alsment
1166 2536 1307 2578 ophief‚
1326 2536 1424 2569 noch
1448 2545 1494 2570 en
1519 2535 1654 2569 staken
1681 2535 1797 2568 haere

154 2604 393 2637 capproenen
410 2604 481 2628 van
498 2596 570 2628 den
594 2594 734 2627 hoofde
758 2594 837 2626 niet
856 2593 916 2626 ter
932 2590 1152 2634 Evangelie.
1170 2589 1455 2634 (Memorieboek
1472 2589 1540 2623 der
1554 2588 1640 2623 stad
1658 2588 1794 2631 Ghent,

155 2651 239 2684 (1001
263 2651 293 2691 1,
313 2650 382 2683 blz.
401 2650 462 2693 683
483 2649 623 2693 Corpus
648 2649 699 2690 ΙΙ,
719 2648 789 2681 blz.
810 2648 899 2689 136.)
920 2665 959 2671 -
976 2646 1039 2680 Ζ10
1064 2646 1138 2679 ook
1159 2646 1206 2679 de
1231 2647 1327 2679 twee
1344 2644 1568 2679 Vlaamsche
1591 2644 1794 2686 kronijken

155 2707 223 2739 der
241 2705 314 2738 15de
331 2715 451 2746 eeuw,
469 2705 660 2747 Meyerus,
679 2713 773 2745 enz.,
791 2704 831 2736 in
850 2702 990 2745 Corpus
1007 2701 1038 2744 1,
1058 2701 1127 2734 blz.
1147 2700 1224 2743 196,
1244 2700 1307 2733 198
1324 2709 1371 2735 en
1388 2699 1466 2734 639.

198 2763 211 2785 2
236 2761 288 2794 Le
303 2760 460 2796 Muisit:
480 2760 553 2799 Qui
575 2761 720 2793 faciunt
743 2760 867 2792 tantas
891 2758 1076 2791 novitates
1101 2758 1138 2790 et
1162 2757 1294 2790 contra
1309 2754 1597 2790 consuetudines
1616 2753 1798 2797 approba-

156 2817 226 2856 tas,
251 2817 351 2857 quod
374 2816 606 2850 horrendum
630 2817 687 2850 est
711 2816 881 2858 cogitare
905 2814 970 2847 aut
995 2813 1133 2847 dicere.
