<?xml version="1.0" encoding="UTF-8"?>
<!DOCTYPE html PUBLIC "-//W3C//DTD XHTML 1.0 Transitional//EN"
    "http://www.w3.org/TR/xhtml1/DTD/xhtml1-transitional.dtd">
<html xmlns="http://www.w3.org/1999/xhtml" xml:lang="en" lang="en">
 <head>
  <title>
</title>
<meta http-equiv="Content-Type" content="text/html;charset=utf-8" />
  <meta name='ocr-system' content='tesseract 3.04.00' />
  <meta name='ocr-capabilities' content='ocr_page ocr_carea ocr_par ocr_line ocrx_word'/>
</head>
<body>
  <div class='ocr_page' id='page_1' title='image "./inquisitiohaeret02fruoft_0166.png"; bbox 0 0 2008 3166; ppageno 0'>
   <div class='ocr_carea' id='block_1_1' title="bbox 166 237 1609 277">
    <p class='ocr_par' dir='ltr' id='par_1_1' title="bbox 166 237 1609 277">
     <span class='ocr_line' id='line_1_1' title="bbox 166 237 1609 277; baseline -0.002 -2"><span class='ocrx_word' id='word_1_1' title='bbox 166 243 229 276; x_wconf 80' lang='lat'><strong>142</strong></span> <span class='ocrx_word' id='word_1_2' title='bbox 377 240 585 277; x_wconf 86' lang='lat' dir='ltr'>NIEUWE</span> <span class='ocrx_word' id='word_1_3' title='bbox 621 239 1010 274; x_wconf 77' lang='lat' dir='ltr'>VERVOLGINGEN</span> <span class='ocrx_word' id='word_1_4' title='bbox 1050 238 1216 273; x_wconf 85' lang='lat' dir='ltr'>TEGEN</span> <span class='ocrx_word' id='word_1_5' title='bbox 1256 239 1321 273; x_wconf 89' lang='lat' dir='ltr'><strong>DE</strong></span> <span class='ocrx_word' id='word_1_6' title='bbox 1361 237 1609 273; x_wconf 84' lang='lat' dir='ltr'>BEGIJNEN</span> 
     </span>
    </p>
   </div>
   <div class='ocr_carea' id='block_1_2' title="bbox 165 349 1822 2332">
    <p class='ocr_par' dir='ltr' id='par_1_2' title="bbox 165 349 1822 2332">
     <span class='ocr_line' id='line_1_2' title="bbox 225 349 1808 410; baseline -0.003 -13"><span class='ocrx_word' id='word_1_7' title='bbox 225 354 570 410; x_wconf 85' lang='lat' dir='ltr'><strong>Buitengewoon</strong></span> <span class='ocrx_word' id='word_1_8' title='bbox 607 352 931 408; x_wconf 84' lang='lat' dir='ltr'><strong>merkwaardig</strong></span> <span class='ocrx_word' id='word_1_9' title='bbox 963 352 1050 408; x_wconf 84' lang='lat' dir='ltr'><strong>zijn</strong></span> <span class='ocrx_word' id='word_1_10' title='bbox 1082 351 1150 394; x_wconf 91' lang='lat' dir='ltr'><strong>die</strong></span> <span class='ocrx_word' id='word_1_11' title='bbox 1182 351 1275 394; x_wconf 84' lang='lat' dir='ltr'><strong>vier</strong></span> <span class='ocrx_word' id='word_1_12' title='bbox 1307 350 1563 407; x_wconf 88' lang='lat' dir='ltr'><strong>keizerlijke</strong></span> <span class='ocrx_word' id='word_1_13' title='bbox 1595 349 1808 404; x_wconf 86' lang='lat' dir='ltr'><strong>stukken,</strong></span> 
     </span>
     <span class='ocr_line' id='line_1_3' title="bbox 166 419 1811 477; baseline -0.002 -12"><span class='ocrx_word' id='word_1_14' title='bbox 166 423 233 466; x_wconf 92' lang='lat' dir='ltr'><strong>die</strong></span> <span class='ocrx_word' id='word_1_15' title='bbox 256 423 319 466; x_wconf 91' lang='lat' dir='ltr'><strong>uit</strong></span> <span class='ocrx_word' id='word_1_16' title='bbox 343 423 496 474; x_wconf 86' lang='lat' dir='ltr'><strong>Lucoa,</strong></span> <span class='ocrx_word' id='word_1_17' title='bbox 523 421 568 464; x_wconf 92' lang='lat' dir='ltr'><strong>in</strong></span> <span class='ocrx_word' id='word_1_18' title='bbox 592 421 676 464; x_wconf 92' lang='lat' dir='ltr'><strong>den</strong></span> <span class='ocrx_word' id='word_1_19' title='bbox 701 422 797 477; x_wconf 93' lang='lat' dir='ltr'><strong>loop</strong></span> <span class='ocrx_word' id='word_1_20' title='bbox 821 420 1044 464; x_wconf 88' lang='lat' dir='ltr'><strong>derzelfde</strong></span> <span class='ocrx_word' id='word_1_21' title='bbox 1077 420 1236 463; x_wconf 89' lang='lat' dir='ltr'><strong>maand</strong></span> <span class='ocrx_word' id='word_1_22' title='bbox 1258 419 1363 463; x_wconf 87' lang='lat' dir='ltr'><strong>Juni</strong></span> <span class='ocrx_word' id='word_1_23' title='bbox 1390 419 1518 471; x_wconf 88' lang='lat'>1369,</span> <span class='ocrx_word' id='word_1_24' title='bbox 1546 433 1599 476; x_wconf 89' lang='lat' dir='ltr'><strong>op</strong></span> <span class='ocrx_word' id='word_1_25' title='bbox 1622 419 1704 462; x_wconf 91' lang='lat' dir='ltr'><strong>den</strong></span> <span class='ocrx_word' id='word_1_26' title='bbox 1729 419 1811 476; x_wconf 85' lang='lat' dir='ltr'><strong>tijd</strong></span> 
     </span>
     <span class='ocr_line' id='line_1_4' title="bbox 165 488 1812 546; baseline -0.001 -13"><span class='ocrx_word' id='word_1_27' title='bbox 165 505 250 534; x_wconf 87' lang='lat' dir='ltr'><strong>van</strong></span> <span class='ocrx_word' id='word_1_28' title='bbox 290 490 460 533; x_wconf 91' lang='lat' dir='ltr'><strong>minder</strong></span> <span class='ocrx_word' id='word_1_29' title='bbox 492 491 577 532; x_wconf 91' lang='lat' dir='ltr'><strong>dan</strong></span> <span class='ocrx_word' id='word_1_30' title='bbox 614 491 705 533; x_wconf 88' lang='lat' dir='ltr'><strong>tien</strong></span> <span class='ocrx_word' id='word_1_31' title='bbox 738 490 898 546; x_wconf 84' lang='lat' dir='ltr'><strong>dagen,</strong></span> <span class='ocrx_word' id='word_1_32' title='bbox 933 489 1040 532; x_wconf 83' lang='lat' dir='ltr'><strong>keer</strong></span> <span class='ocrx_word' id='word_1_33' title='bbox 1072 503 1125 545; x_wconf 90' lang='lat' dir='ltr'><strong>op</strong></span> <span class='ocrx_word' id='word_1_34' title='bbox 1163 488 1271 531; x_wconf 88' lang='lat' dir='ltr'><strong>keer</strong></span> <span class='ocrx_word' id='word_1_35' title='bbox 1302 488 1408 530; x_wconf 92' lang='lat' dir='ltr'><strong>door</strong></span> <span class='ocrx_word' id='word_1_36' title='bbox 1438 488 1575 531; x_wconf 84' lang='lat' dir='ltr'><strong>Karel</strong></span> <span class='ocrx_word' id='word_1_37' title='bbox 1607 490 1670 532; x_wconf 93' lang='lat' dir='ltr'><strong>IV</strong></span> <span class='ocrx_word' id='word_1_38' title='bbox 1703 503 1812 532; x_wconf 89' lang='lat' dir='ltr'><strong>naar</strong></span> 
     </span>
     <span class='ocr_line' id='line_1_5' title="bbox 167 557 1811 614; baseline -0.002 -12"><span class='ocrx_word' id='word_1_39' title='bbox 167 559 452 603; x_wconf 89' lang='lat' dir='ltr'><strong>Duitschland</strong></span> <span class='ocrx_word' id='word_1_40' title='bbox 490 559 671 602; x_wconf 86' lang='lat' dir='ltr'>werden</span> <span class='ocrx_word' id='word_1_41' title='bbox 709 558 933 614; x_wconf 87' lang='lat' dir='ltr'><strong>gezonden</strong></span> <span class='ocrx_word' id='word_1_42' title='bbox 971 561 1037 602; x_wconf 89' lang='lat' dir='ltr'><strong>tot</strong></span> <span class='ocrx_word' id='word_1_43' title='bbox 1071 557 1356 612; x_wconf 87' lang='lat' dir='ltr'><strong>versterking</strong></span> <span class='ocrx_word' id='word_1_44' title='bbox 1387 557 1465 599; x_wconf 91' lang='lat' dir='ltr'><strong>der</strong></span> <span class='ocrx_word' id='word_1_45' title='bbox 1496 557 1723 612; x_wconf 90' lang='lat' dir='ltr'><strong>Inquisitie</strong></span> <span class='ocrx_word' id='word_1_46' title='bbox 1756 569 1811 599; x_wconf 90' lang='lat' dir='ltr'><strong>en</strong></span> 
     </span>
     <span class='ocr_line' id='line_1_6' title="bbox 165 625 1811 684; baseline -0.002 -13"><span class='ocrx_word' id='word_1_47' title='bbox 165 628 484 684; x_wconf 87' lang='lat' dir='ltr'><strong>verplettering</strong></span> <span class='ocrx_word' id='word_1_48' title='bbox 507 627 585 670; x_wconf 90' lang='lat' dir='ltr'><strong>der</strong></span> <span class='ocrx_word' id='word_1_49' title='bbox 619 627 879 683; x_wconf 84' lang='lat' dir='ltr'><strong>Beggarden</strong></span> <span class='ocrx_word' id='word_1_50' title='bbox 903 641 955 669; x_wconf 89' lang='lat' dir='ltr'><strong>en</strong></span> <span class='ocrx_word' id='word_1_51' title='bbox 983 626 1212 682; x_wconf 84' lang='lat' dir='ltr'><strong>Begijnen.</strong></span> <span class='ocrx_word' id='word_1_52' title='bbox 1248 625 1370 668; x_wconf 86' lang='lat' dir='ltr'><strong>Geen</strong></span> <span class='ocrx_word' id='word_1_53' title='bbox 1392 625 1531 667; x_wconf 83' lang='lat' dir='ltr'>ander</span> <span class='ocrx_word' id='word_1_54' title='bbox 1563 625 1811 681; x_wconf 89' lang='lat' dir='ltr'><strong>tegenhan—</strong></span> 
     </span>
     <span class='ocr_line' id='line_1_7' title="bbox 166 693 1812 753; baseline -0.002 -14"><span class='ocrx_word' id='word_1_55' title='bbox 166 710 246 753; x_wconf 85' lang='lat' dir='ltr'><strong>ger</strong></span> <span class='ocrx_word' id='word_1_56' title='bbox 267 710 360 739; x_wconf 87' lang='lat' dir='ltr'><strong>was</strong></span> <span class='ocrx_word' id='word_1_57' title='bbox 397 710 445 738; x_wconf 88' lang='lat' dir='ltr'><strong>er</strong></span> <span class='ocrx_word' id='word_1_58' title='bbox 468 700 535 739; x_wconf 91' lang='lat' dir='ltr'><strong>tot</strong></span> <span class='ocrx_word' id='word_1_59' title='bbox 559 696 730 739; x_wconf 89' lang='lat' dir='ltr'><strong>hiertoe</strong></span> <span class='ocrx_word' id='word_1_60' title='bbox 771 709 879 738; x_wconf 91' lang='lat' dir='ltr'><strong>voor</strong></span> <span class='ocrx_word' id='word_1_61' title='bbox 911 709 994 737; x_wconf 89' lang='lat' dir='ltr'><strong>aan</strong></span> <span class='ocrx_word' id='word_1_62' title='bbox 1033 699 1072 738; x_wconf 92' lang='lat' dir='ltr'><strong>te</strong></span> <span class='ocrx_word' id='word_1_63' title='bbox 1111 694 1271 751; x_wconf 86' lang='lat' dir='ltr'><strong>wijzen</strong></span> <span class='ocrx_word' id='word_1_64' title='bbox 1310 694 1394 736; x_wconf 91' lang='lat' dir='ltr'><strong>dan</strong></span> <span class='ocrx_word' id='word_1_65' title='bbox 1429 694 1481 736; x_wconf 92' lang='lat' dir='ltr'><strong>de</strong></span> <span class='ocrx_word' id='word_1_66' title='bbox 1506 693 1812 736; x_wconf 83' lang='lat' dir='ltr'><strong>verschrikke·</strong></span> 
     </span>
     <span class='ocr_line' id='line_1_8' title="bbox 167 761 1813 822; baseline -0.002 -14"><span class='ocrx_word' id='word_1_67' title='bbox 167 765 271 822; x_wconf 83' lang='lat' dir='ltr'><strong>lijke</strong></span> <span class='ocrx_word' id='word_1_68' title='bbox 295 764 548 821; x_wconf 86' lang='lat' dir='ltr'><strong>wetgeving</strong></span> <span class='ocrx_word' id='word_1_69' title='bbox 585 778 670 807; x_wconf 90' lang='lat' dir='ltr'><strong>van</strong></span> <span class='ocrx_word' id='word_1_70' title='bbox 692 764 840 806; x_wconf 87' lang='lat' dir='ltr'><strong>keizer</strong></span> <span class='ocrx_word' id='word_1_71' title='bbox 878 763 1090 806; x_wconf 88' lang='lat' dir='ltr'><strong>Frederik</strong></span> <span class='ocrx_word' id='word_1_72' title='bbox 1123 763 1164 805; x_wconf 94' lang='lat' dir='ltr'><strong>II</strong></span> <span class='ocrx_word' id='word_1_73' title='bbox 1197 765 1326 818; x_wconf 84' lang='lat' dir='ltr'><strong>tegen</strong></span> <span class='ocrx_word' id='word_1_74' title='bbox 1369 762 1421 804; x_wconf 93' lang='lat' dir='ltr'><strong>de</strong></span> <span class='ocrx_word' id='word_1_75' title='bbox 1453 762 1640 814; x_wconf 85' lang='lat' dir='ltr'><strong>ketters,</strong></span> <span class='ocrx_word' id='word_1_76' title='bbox 1677 761 1721 804; x_wconf 91' lang='lat' dir='ltr'><strong>in</strong></span> <span class='ocrx_word' id='word_1_77' title='bbox 1761 762 1813 805; x_wconf 93' lang='lat' dir='ltr'><strong>de</strong></span> 
     </span>
     <span class='ocr_line' id='line_1_9' title="bbox 172 830 1813 888; baseline -0.001 -12"><span class='ocrx_word' id='word_1_78' title='bbox 172 831 398 877; x_wconf 71' lang='lat' dir='ltr'><strong>13⁶⁶eeuw</strong></span> <span class='ocrx_word' id='word_1_79' title='bbox 419 832 457 886; x_wconf 89' lang='lat'><strong>¹;</strong></span> <span class='ocrx_word' id='word_1_80' title='bbox 495 846 616 875; x_wconf 89' lang='lat' dir='ltr'><strong>maar</strong></span> <span class='ocrx_word' id='word_1_81' title='bbox 641 846 724 888; x_wconf 85' lang='lat' dir='ltr'><strong>nog</strong></span> <span class='ocrx_word' id='word_1_82' title='bbox 757 846 874 875; x_wconf 88' lang='lat' dir='ltr'><strong>meer</strong></span> <span class='ocrx_word' id='word_1_83' title='bbox 896 832 980 875; x_wconf 90' lang='lat' dir='ltr'><strong>dan</strong></span> <span class='ocrx_word' id='word_1_84' title='bbox 1005 832 1072 874; x_wconf 93' lang='lat' dir='ltr'><strong>die</strong></span> <span class='ocrx_word' id='word_1_85' title='bbox 1095 834 1263 874; x_wconf 87' lang='lat' dir='ltr'><strong>wetten</strong></span> <span class='ocrx_word' id='word_1_86' title='bbox 1301 831 1484 873; x_wconf 91' lang='lat' dir='ltr'><strong>ademen</strong></span> <span class='ocrx_word' id='word_1_87' title='bbox 1509 831 1560 873; x_wconf 95' lang='lat' dir='ltr'><strong>de</strong></span> <span class='ocrx_word' id='word_1_88' title='bbox 1582 831 1676 873; x_wconf 88' lang='lat' dir='ltr'><strong>vier</strong></span> <span class='ocrx_word' id='word_1_89' title='bbox 1700 830 1813 874; x_wconf 87' lang='lat' dir='ltr'><strong>edic-</strong></span> 
     </span>
     <span class='ocr_line' id='line_1_10' title="bbox 168 899 1811 956; baseline -0.002 -11"><span class='ocrx_word' id='word_1_90' title='bbox 168 905 243 945; x_wconf 87' lang='lat' dir='ltr'><strong>ten</strong></span> <span class='ocrx_word' id='word_1_91' title='bbox 261 915 347 945; x_wconf 87' lang='lat' dir='ltr'><strong>van</strong></span> <span class='ocrx_word' id='word_1_92' title='bbox 368 904 510 945; x_wconf 85' lang='lat' dir='ltr'><strong>Lucca</strong></span> <span class='ocrx_word' id='word_1_93' title='bbox 533 915 670 944; x_wconf 92' lang='lat' dir='ltr'><strong>eenen</strong></span> <span class='ocrx_word' id='word_1_94' title='bbox 692 900 870 943; x_wconf 90' lang='lat' dir='ltr'><strong>blinden</strong></span> <span class='ocrx_word' id='word_1_95' title='bbox 893 901 997 943; x_wconf 87' lang='lat' dir='ltr'><strong>haat</strong></span> <span class='ocrx_word' id='word_1_96' title='bbox 1016 913 1123 942; x_wconf 88' lang='lat' dir='ltr'><strong>voor</strong></span> <span class='ocrx_word' id='word_1_97' title='bbox 1141 900 1192 942; x_wconf 93' lang='lat' dir='ltr'><strong>de</strong></span> <span class='ocrx_word' id='word_1_98' title='bbox 1215 900 1401 951; x_wconf 88' lang='lat' dir='ltr'><strong>ketters‚</strong></span> <span class='ocrx_word' id='word_1_99' title='bbox 1425 913 1479 941; x_wconf 91' lang='lat' dir='ltr'><strong>en</strong></span> <span class='ocrx_word' id='word_1_100' title='bbox 1497 899 1716 943; x_wconf 83' lang='lat' dir='ltr'><strong>verraden</strong></span> <span class='ocrx_word' id='word_1_101' title='bbox 1738 899 1811 956; x_wconf 90' lang='lat' dir='ltr'><strong>zij,</strong></span> 
     </span>
     <span class='ocr_line' id='line_1_11' title="bbox 169 967 1816 1026; baseline -0.002 -13"><span class='ocrx_word' id='word_1_102' title='bbox 169 971 233 1014; x_wconf 84' lang='lat' dir='ltr'><strong>als</strong></span> <span class='ocrx_word' id='word_1_103' title='bbox 254 971 330 1013; x_wconf 89' lang='lat' dir='ltr'><strong>het</strong></span> <span class='ocrx_word' id='word_1_104' title='bbox 351 984 484 1022; x_wconf 88' lang='lat' dir='ltr'><strong>ware,</strong></span> <span class='ocrx_word' id='word_1_105' title='bbox 512 971 595 1012; x_wconf 93' lang='lat' dir='ltr'><strong>den</strong></span> <span class='ocrx_word' id='word_1_106' title='bbox 618 969 708 1026; x_wconf 88' lang='lat' dir='ltr'><strong>stijl</strong></span> <span class='ocrx_word' id='word_1_107' title='bbox 732 970 809 1012; x_wconf 92' lang='lat' dir='ltr'><strong>der</strong></span> <span class='ocrx_word' id='word_1_108' title='bbox 831 968 1072 1025; x_wconf 86' lang='lat' dir='ltr'><strong>pauselijke</strong></span> <span class='ocrx_word' id='word_1_109' title='bbox 1094 968 1330 1025; x_wconf 88' lang='lat' dir='ltr'><strong>kanselarij</strong></span> <span class='ocrx_word' id='word_1_110' title='bbox 1352 968 1396 1009; x_wconf 92' lang='lat' dir='ltr'><strong>in</strong></span> <span class='ocrx_word' id='word_1_111' title='bbox 1415 968 1522 1010; x_wconf 90' lang='lat' dir='ltr'><strong>zake</strong></span> <span class='ocrx_word' id='word_1_112' title='bbox 1544 982 1630 1010; x_wconf 85' lang='lat' dir='ltr'><strong>van</strong></span> <span class='ocrx_word' id='word_1_113' title='bbox 1648 967 1816 1011; x_wconf 90' lang='lat' dir='ltr'><strong>ketter—</strong></span> 
     </span>
     <span class='ocr_line' id='line_1_12' title="bbox 170 1035 1816 1094; baseline -0.002 -12"><span class='ocrx_word' id='word_1_114' title='bbox 170 1039 447 1094; x_wconf 84' lang='lat' dir='ltr'><strong>vervolging,</strong></span> <span class='ocrx_word' id='word_1_115' title='bbox 473 1040 537 1081; x_wconf 89' lang='lat' dir='ltr'><strong>als</strong></span> <span class='ocrx_word' id='word_1_116' title='bbox 560 1039 645 1080; x_wconf 90' lang='lat' dir='ltr'><strong>had</strong></span> <span class='ocrx_word' id='word_1_117' title='bbox 678 1052 757 1081; x_wconf 91' lang='lat' dir='ltr'><strong>een</strong></span> <span class='ocrx_word' id='word_1_118' title='bbox 781 1037 1041 1093; x_wconf 90' lang='lat' dir='ltr'><strong>inquisiteur</strong></span> <span class='ocrx_word' id='word_1_119' title='bbox 1063 1037 1105 1079; x_wconf 91' lang='lat' dir='ltr'><strong>in</strong></span> <span class='ocrx_word' id='word_1_120' title='bbox 1130 1050 1316 1092; x_wconf 90' lang='lat' dir='ltr'><strong>persoon</strong></span> <span class='ocrx_word' id='word_1_121' title='bbox 1340 1037 1443 1078; x_wconf 90' lang='lat' dir='ltr'><strong>deze</strong></span> <span class='ocrx_word' id='word_1_122' title='bbox 1466 1035 1656 1079; x_wconf 87' lang='lat' dir='ltr'><strong>stukkeu</strong></span> <span class='ocrx_word' id='word_1_123' title='bbox 1681 1048 1816 1092; x_wconf 86' lang='lat' dir='ltr'><strong>opge-</strong></span> 
     </span>
     <span class='ocr_line' id='line_1_13' title="bbox 169 1103 1816 1161; baseline -0.002 -11"><span class='ocrx_word' id='word_1_124' title='bbox 169 1107 295 1150; x_wconf 89' lang='lat' dir='ltr'><strong>steld.</strong></span> <span class='ocrx_word' id='word_1_125' title='bbox 324 1107 466 1150; x_wconf 87' lang='lat' dir='ltr'><strong>Reeds</strong></span> <span class='ocrx_word' id='word_1_126' title='bbox 500 1107 712 1150; x_wconf 88' lang='lat' dir='ltr'><strong>Mosheim</strong></span> <span class='ocrx_word' id='word_1_127' title='bbox 731 1104 747 1128; x_wconf 84' lang='lat'><strong>²</strong></span> <span class='ocrx_word' id='word_1_128' title='bbox 779 1105 886 1148; x_wconf 93' lang='lat' dir='ltr'><strong>deed</strong></span> <span class='ocrx_word' id='word_1_129' title='bbox 918 1106 994 1149; x_wconf 90' lang='lat' dir='ltr'><strong>het</strong></span> <span class='ocrx_word' id='word_1_130' title='bbox 1028 1105 1281 1161; x_wconf 89' lang='lat' dir='ltr'><strong>opmerken‚</strong></span> <span class='ocrx_word' id='word_1_131' title='bbox 1319 1108 1388 1147; x_wconf 88' lang='lat' dir='ltr'><strong>ter</strong></span> <span class='ocrx_word' id='word_1_132' title='bbox 1420 1103 1707 1160; x_wconf 83' lang='lat' dir='ltr'><strong>gelegenheid</strong></span> <span class='ocrx_word' id='word_1_133' title='bbox 1729 1118 1816 1147; x_wconf 88' lang='lat' dir='ltr'><strong>van</strong></span> 
     </span>
     <span class='ocr_line' id='line_1_14' title="bbox 170 1172 1816 1232; baseline -0.002 -14"><span class='ocrx_word' id='word_1_134' title='bbox 170 1176 221 1218; x_wconf 89' lang='lat' dir='ltr'><strong>de</strong></span> <span class='ocrx_word' id='word_1_135' title='bbox 244 1175 499 1232; x_wconf 86' lang='lat' dir='ltr'><strong>keizerlijke</strong></span> <span class='ocrx_word' id='word_1_136' title='bbox 525 1178 614 1219; x_wconf 87' lang='lat' dir='ltr'><strong>wet</strong></span> <span class='ocrx_word' id='word_1_137' title='bbox 637 1189 722 1217; x_wconf 88' lang='lat' dir='ltr'><strong>van</strong></span> <span class='ocrx_word' id='word_1_138' title='bbox 759 1175 813 1217; x_wconf 94' lang='lat' dir='ltr'><strong>lO</strong></span> <span class='ocrx_word' id='word_1_139' title='bbox 847 1175 951 1217; x_wconf 83' lang='lat' dir='ltr'><strong>Juni</strong></span> <span class='ocrx_word' id='word_1_140' title='bbox 980 1175 1121 1217; x_wconf 85' lang='lat'>1369:</span> <span class='ocrx_word' id='word_1_141' title='bbox 1170 1191 1187 1213; x_wconf 73' lang='grc' dir='ltr'>α</span> <span class='ocrx_word' id='word_1_142' title='bbox 1206 1174 1394 1230; x_wconf 88' lang='lat' dir='ltr'><strong>Magnus</strong></span> <span class='ocrx_word' id='word_1_143' title='bbox 1418 1172 1728 1228; x_wconf 83' lang='lat' dir='ltr'><strong>inquisitorum</strong></span> <span class='ocrx_word' id='word_1_144' title='bbox 1772 1177 1816 1216; x_wconf 90' lang='lat' dir='ltr'><strong>et</strong></span> 
     </span>
     <span class='ocr_line' id='line_1_15' title="bbox 170 1241 1817 1299; baseline -0.002 -12"><span class='ocrx_word' id='word_1_145' title='bbox 170 1245 300 1296; x_wconf 89' lang='lat' dir='ltr'><strong>sacri,</strong></span> <span class='ocrx_word' id='word_1_146' title='bbox 335 1244 447 1299; x_wconf 93' lang='lat' dir='ltr'><strong>quod</strong></span> <span class='ocrx_word' id='word_1_147' title='bbox 486 1246 730 1294; x_wconf 86' lang='lat' dir='ltr'><strong>nominant,</strong></span> <span class='ocrx_word' id='word_1_148' title='bbox 768 1242 893 1285; x_wconf 87' lang='lat' dir='ltr'><strong>officii</strong></span> <span class='ocrx_word' id='word_1_149' title='bbox 928 1243 1088 1286; x_wconf 86' lang='lat' dir='ltr'><strong>amicus</strong></span> <span class='ocrx_word' id='word_1_150' title='bbox 1121 1241 1253 1284; x_wconf 83' lang='lat' dir='ltr'><strong>fuerit</strong></span> <span class='ocrx_word' id='word_1_151' title='bbox 1292 1255 1470 1284; x_wconf 91' lang='lat' dir='ltr'><strong>necesse</strong></span> <span class='ocrx_word' id='word_1_152' title='bbox 1514 1245 1595 1294; x_wconf 84' lang='lat' dir='ltr'><strong>est,</strong></span> <span class='ocrx_word' id='word_1_153' title='bbox 1632 1242 1703 1297; x_wconf 90' lang='lat' dir='ltr'><strong>qui</strong></span> <span class='ocrx_word' id='word_1_154' title='bbox 1736 1241 1817 1284; x_wconf 88' lang='lat' dir='ltr'><strong>has</strong></span> 
     </span>
     <span class='ocr_line' id='line_1_16' title="bbox 170 1310 1818 1368; baseline -0.002 -13"><span class='ocrx_word' id='word_1_155' title='bbox 170 1313 340 1357; x_wconf 83' lang='lat' dir='ltr'><strong>litteras</strong></span> <span class='ocrx_word' id='word_1_156' title='bbox 363 1313 639 1368; x_wconf 87' lang='lat' dir='ltr'><strong>imperatoris</strong></span> <span class='ocrx_word' id='word_1_157' title='bbox 666 1312 906 1368; x_wconf 79' lang='lat' dir='ltr'><strong>composuit</strong></span> <span class='ocrx_word' id='word_1_158' title='bbox 942 1311 1140 1366; x_wconf 90' lang='lat' dir='ltr'><strong>idemque</strong></span> <span class='ocrx_word' id='word_1_159' title='bbox 1173 1310 1470 1361; x_wconf 87' lang='lat' dir='ltr'><strong>formularum,</strong></span> <span class='ocrx_word' id='word_1_160' title='bbox 1512 1310 1668 1366; x_wconf 90' lang='lat' dir='ltr'><strong>quibus</strong></span> <span class='ocrx_word' id='word_1_161' title='bbox 1696 1310 1818 1367; x_wconf 90' lang='lat' dir='ltr'><strong>jure-</strong></span> 
     </span>
     <span class='ocr_line' id='line_1_17' title="bbox 170 1379 1813 1436; baseline -0.002 -12"><span class='ocrx_word' id='word_1_162' title='bbox 170 1382 360 1424; x_wconf 80' lang='lat' dir='ltr'><strong>consulti</strong></span> <span class='ocrx_word' id='word_1_163' title='bbox 393 1381 620 1425; x_wconf 82' lang='lat' dir='ltr'><strong>calliditati</strong></span> <span class='ocrx_word' id='word_1_164' title='bbox 651 1381 875 1423; x_wconf 90' lang='lat' dir='ltr'><strong>hominum</strong></span> <span class='ocrx_word' id='word_1_165' title='bbox 910 1380 1030 1436; x_wconf 86' lang='lat' dir='ltr'><strong>leges</strong></span> <span class='ocrx_word' id='word_1_166' title='bbox 1064 1379 1216 1422; x_wconf 88' lang='lat' dir='ltr'><strong>fallere</strong></span> <span class='ocrx_word' id='word_1_167' title='bbox 1251 1379 1515 1435; x_wconf 85' lang='lat' dir='ltr'><strong>cupientium</strong></span> <span class='ocrx_word' id='word_1_168' title='bbox 1556 1381 1813 1431; x_wconf 84' lang='lat' dir='ltr'><strong>occurrunt,</strong></span> 
     </span>
     <span class='ocr_line' id='line_1_18' title="bbox 170 1447 1816 1505; baseline -0.002 -12"><span class='ocrx_word' id='word_1_169' title='bbox 170 1450 484 1505; x_wconf 82' lang='lat' dir='ltr'><strong>peritissimus3</strong></span> <span class='ocrx_word' id='word_1_170' title='bbox 534 1463 636 1492; x_wconf 88' lang='lat' dir='ltr'><strong>nam</strong></span> <span class='ocrx_word' id='word_1_171' title='bbox 679 1452 724 1492; x_wconf 85' lang='lat' dir='ltr'><strong>et</strong></span> <span class='ocrx_word' id='word_1_172' title='bbox 773 1448 1084 1503; x_wconf 85' lang='lat' dir='ltr'><strong>inquisitorum</strong></span> <span class='ocrx_word' id='word_1_173' title='bbox 1121 1448 1354 1491; x_wconf 88' lang='lat' dir='ltr'><strong>commodis</strong></span> <span class='ocrx_word' id='word_1_174' title='bbox 1394 1447 1575 1490; x_wconf 86' lang='lat' dir='ltr'><strong>mirifica</strong></span> <span class='ocrx_word' id='word_1_175' title='bbox 1619 1447 1816 1490; x_wconf 86' lang='lat' dir='ltr'><strong>sollertia</strong></span> 
     </span>
     <span class='ocr_line' id='line_1_19' title="bbox 170 1515 1818 1574; baseline -0.001 -14"><span class='ocrx_word' id='word_1_176' title='bbox 170 1518 369 1574; x_wconf 91' lang='lat' dir='ltr'><strong>providet</strong></span> <span class='ocrx_word' id='word_1_177' title='bbox 403 1523 446 1562; x_wconf 92' lang='lat' dir='ltr'><strong>et</strong></span> <span class='ocrx_word' id='word_1_178' title='bbox 479 1522 545 1561; x_wconf 90' lang='lat' dir='ltr'><strong>tot</strong></span> <span class='ocrx_word' id='word_1_179' title='bbox 578 1517 851 1562; x_wconf 84' lang='lat' dir='ltr'><strong>cautionibus</strong></span> <span class='ocrx_word' id='word_1_180' title='bbox 890 1518 1085 1573; x_wconf 85' lang='lat' dir='ltr'><strong>singulas</strong></span> <span class='ocrx_word' id='word_1_181' title='bbox 1117 1522 1265 1572; x_wconf 90' lang='lat' dir='ltr'><strong>partes</strong></span> <span class='ocrx_word' id='word_1_182' title='bbox 1299 1516 1430 1559; x_wconf 83' lang='lat' dir='ltr'><strong>edicti</strong></span> <span class='ocrx_word' id='word_1_183' title='bbox 1462 1516 1619 1566; x_wconf 88' lang='lat' dir='ltr'><strong>munit,</strong></span> <span class='ocrx_word' id='word_1_184' title='bbox 1663 1519 1712 1559; x_wconf 89' lang='lat' dir='ltr'><strong>ut</strong></span> <span class='ocrx_word' id='word_1_185' title='bbox 1743 1515 1818 1558; x_wconf 84' lang='lat' dir='ltr'><strong>vix</strong></span> 
     </span>
     <span class='ocr_line' id='line_1_20' title="bbox 171 1584 1818 1643; baseline -0.002 -14"><span class='ocrx_word' id='word_1_186' title='bbox 171 1587 312 1643; x_wconf 85' lang='lat' dir='ltr'><strong>legem</strong></span> <span class='ocrx_word' id='word_1_187' title='bbox 336 1587 585 1630; x_wconf 86' lang='lat' dir='ltr'><strong>accuratius</strong></span> <span class='ocrx_word' id='word_1_188' title='bbox 609 1591 651 1629; x_wconf 86' lang='lat' dir='ltr'><strong>et</strong></span> <span class='ocrx_word' id='word_1_189' title='bbox 674 1586 845 1630; x_wconf 88' lang='lat' dir='ltr'><strong>cautius</strong></span> <span class='ocrx_word' id='word_1_190' title='bbox 868 1587 1075 1641; x_wconf 86' lang='lat' dir='ltr'><strong>scriptam</strong></span> <span class='ocrx_word' id='word_1_191' title='bbox 1099 1599 1165 1628; x_wconf 92' lang='lat' dir='ltr'><strong>me</strong></span> <span class='ocrx_word' id='word_1_192' title='bbox 1187 1586 1336 1641; x_wconf 86' lang='lat' dir='ltr'><strong>legere</strong></span> <span class='ocrx_word' id='word_1_193' title='bbox 1362 1584 1651 1636; x_wconf 90' lang='lat' dir='ltr'><strong>meminerim,</strong></span> <span class='ocrx_word' id='word_1_194' title='bbox 1680 1587 1818 1628; x_wconf 87' lang='lat' dir='ltr'><strong>totum</strong></span> 
     </span>
     <span class='ocr_line' id='line_1_21' title="bbox 171 1653 1815 1711; baseline -0.002 -12"><span class='ocrx_word' id='word_1_195' title='bbox 171 1656 361 1711; x_wconf 85' lang='lat' dir='ltr'><strong>diploma</strong></span> <span class='ocrx_word' id='word_1_196' title='bbox 393 1655 685 1711; x_wconf 89' lang='lat' dir='ltr'><strong>eloquentiam</strong></span> <span class='ocrx_word' id='word_1_197' title='bbox 724 1656 861 1711; x_wconf 89' lang='lat' dir='ltr'><strong>magis</strong></span> <span class='ocrx_word' id='word_1_198' title='bbox 885 1655 1010 1698; x_wconf 91' lang='lat' dir='ltr'><strong>aulae</strong></span> <span class='ocrx_word' id='word_1_199' title='bbox 1042 1655 1266 1697; x_wconf 84' lang='lat' dir='ltr'><strong>Romanae</strong></span> <span class='ocrx_word' id='word_1_200' title='bbox 1303 1667 1378 1696; x_wconf 88' lang='lat' dir='ltr'><strong>seu</strong></span> <span class='ocrx_word' id='word_1_201' title='bbox 1415 1653 1662 1708; x_wconf 87' lang='lat' dir='ltr'><strong>pontificiae</strong></span> <span class='ocrx_word' id='word_1_202' title='bbox 1684 1666 1815 1708; x_wconf 88' lang='lat' dir='ltr'><strong>quam</strong></span> 
     </span>
     <span class='ocr_line' id='line_1_22' title="bbox 170 1720 1814 1780; baseline -0.003 -13"><span class='ocrx_word' id='word_1_203' title='bbox 170 1725 408 1768; x_wconf 85' lang='lat' dir='ltr'><strong>Caesareae</strong></span> <span class='ocrx_word' id='word_1_204' title='bbox 431 1724 543 1780; x_wconf 90' lang='lat' dir='ltr'><strong>sapit</strong></span> <span class='ocrx_word' id='word_1_205' title='bbox 567 1729 609 1767; x_wconf 89' lang='lat' dir='ltr'><strong>et</strong></span> <span class='ocrx_word' id='word_1_206' title='bbox 633 1725 746 1767; x_wconf 89' lang='lat' dir='ltr'><strong>sacri</strong></span> <span class='ocrx_word' id='word_1_207' title='bbox 770 1724 934 1767; x_wconf 89' lang='lat' dir='ltr'><strong>ordinis</strong></span> <span class='ocrx_word' id='word_1_208' title='bbox 965 1722 1046 1767; x_wconf 89' lang='lat' dir='ltr'><strong>viri</strong></span> <span class='ocrx_word' id='word_1_209' title='bbox 1071 1721 1313 1765; x_wconf 89' lang='lat' dir='ltr'><strong>lucubratio</strong></span> <span class='ocrx_word' id='word_1_210' title='bbox 1337 1735 1433 1764; x_wconf 89' lang='lat' dir='ltr'><strong>esse</strong></span> <span class='ocrx_word' id='word_1_211' title='bbox 1457 1721 1629 1764; x_wconf 91' lang='lat' dir='ltr'><strong>videtur</strong></span> <span class='ocrx_word' id='word_1_212' title='bbox 1652 1738 1693 1763; x_wconf 82' lang='lat'><strong>».</strong></span> <span class='ocrx_word' id='word_1_213' title='bbox 1721 1720 1814 1764; x_wconf 89' lang='lat' dir='ltr'><strong>Ook</strong></span> 
     </span>
     <span class='ocr_line' id='line_1_23' title="bbox 171 1788 1821 1847; baseline -0.002 -11"><span class='ocrx_word' id='word_1_214' title='bbox 171 1794 237 1836; x_wconf 86' lang='lat' dir='ltr'><strong>zal</strong></span> <span class='ocrx_word' id='word_1_215' title='bbox 260 1794 338 1836; x_wconf 89' lang='lat' dir='ltr'><strong>het</strong></span> <span class='ocrx_word' id='word_1_216' title='bbox 360 1793 563 1836; x_wconf 87' lang='lat' dir='ltr'><strong>niemand</strong></span> <span class='ocrx_word' id='word_1_217' title='bbox 586 1792 817 1844; x_wconf 87' lang='lat' dir='ltr'><strong>verbazen,</strong></span> <span class='ocrx_word' id='word_1_218' title='bbox 857 1793 932 1835; x_wconf 86' lang='lat' dir='ltr'><strong>dat</strong></span> <span class='ocrx_word' id='word_1_219' title='bbox 955 1805 1034 1834; x_wconf 90' lang='lat' dir='ltr'><strong>een</strong></span> <span class='ocrx_word' id='word_1_220' title='bbox 1058 1791 1218 1843; x_wconf 84' lang='lat' dir='ltr'><strong>keizer,</strong></span> <span class='ocrx_word' id='word_1_221' title='bbox 1257 1791 1324 1833; x_wconf 92' lang='lat' dir='ltr'><strong>die</strong></span> <span class='ocrx_word' id='word_1_222' title='bbox 1346 1790 1508 1847; x_wconf 86' lang='lat' dir='ltr'><strong>tijdens</strong></span> <span class='ocrx_word' id='word_1_223' title='bbox 1530 1791 1617 1847; x_wconf 86' lang='lat' dir='ltr'><strong>zijn</strong></span> <span class='ocrx_word' id='word_1_224' title='bbox 1641 1788 1821 1846; x_wconf 88' lang='lat' dir='ltr'><strong>verblijf</strong></span> 
     </span>
     <span class='ocr_line' id='line_1_24' title="bbox 173 1858 1819 1917; baseline -0.002 -13"><span class='ocrx_word' id='word_1_225' title='bbox 173 1863 215 1904; x_wconf 91' lang='lat' dir='ltr'><strong>in</strong></span> <span class='ocrx_word' id='word_1_226' title='bbox 238 1862 364 1905; x_wconf 77' lang='lat' dir='ltr'><strong>Italie</strong></span> <span class='ocrx_word' id='word_1_227' title='bbox 401 1876 476 1904; x_wconf 88' lang='lat' dir='ltr'><strong>zoo</strong></span> <span class='ocrx_word' id='word_1_228' title='bbox 510 1861 689 1917; x_wconf 85' lang='lat' dir='ltr'><strong>gedwee</strong></span> <span class='ocrx_word' id='word_1_229' title='bbox 722 1862 774 1904; x_wconf 91' lang='lat' dir='ltr'><strong>de</strong></span> <span class='ocrx_word' id='word_1_230' title='bbox 807 1863 994 1904; x_wconf 86' lang='lat' dir='ltr'><strong>stoutste</strong></span> <span class='ocrx_word' id='word_1_231' title='bbox 1027 1859 1265 1903; x_wconf 86' lang='lat' dir='ltr'><strong>wenschen</strong></span> <span class='ocrx_word' id='word_1_232' title='bbox 1297 1859 1376 1901; x_wconf 89' lang='lat' dir='ltr'><strong>der</strong></span> <span class='ocrx_word' id='word_1_233' title='bbox 1406 1858 1650 1916; x_wconf 89' lang='lat' dir='ltr'><strong>pauselijke</strong></span> <span class='ocrx_word' id='word_1_234' title='bbox 1672 1858 1819 1914; x_wconf 90' lang='lat' dir='ltr'><strong>Inqui-</strong></span> 
     </span>
     <span class='ocr_line' id='line_1_25' title="bbox 173 1926 1820 1984; baseline -0.002 -11"><span class='ocrx_word' id='word_1_235' title='bbox 173 1931 270 1973; x_wconf 90' lang='lat' dir='ltr'><strong>sitie</strong></span> <span class='ocrx_word' id='word_1_236' title='bbox 307 1930 455 1974; x_wconf 88' lang='lat' dir='ltr'><strong>kwam</strong></span> <span class='ocrx_word' id='word_1_237' title='bbox 488 1930 734 1981; x_wconf 87' lang='lat' dir='ltr'><strong>vervuIlen,</strong></span> <span class='ocrx_word' id='word_1_238' title='bbox 777 1929 860 1972; x_wconf 87' lang='lat' dir='ltr'><strong>den</strong></span> <span class='ocrx_word' id='word_1_239' title='bbox 894 1931 1107 1984; x_wconf 86' lang='lat' dir='ltr'><strong>hoogsten</strong></span> <span class='ocrx_word' id='word_1_240' title='bbox 1147 1927 1213 1970; x_wconf 86' lang='lat' dir='ltr'><strong>los</strong></span> <span class='ocrx_word' id='word_1_241' title='bbox 1230 1941 1443 1982; x_wconf 80' lang='lat' dir='ltr'><strong>vanwege</strong></span> <span class='ocrx_word' id='word_1_242' title='bbox 1487 1928 1571 1970; x_wconf 92' lang='lat' dir='ltr'><strong>den</strong></span> <span class='ocrx_word' id='word_1_243' title='bbox 1609 1928 1665 1971; x_wconf 91' lang='lat' dir='ltr'><strong>H.</strong></span> <span class='ocrx_word' id='word_1_244' title='bbox 1701 1926 1820 1971; x_wconf 89' lang='lat' dir='ltr'><strong>Stoel</strong></span> 
     </span>
     <span class='ocr_line' id='line_1_26' title="bbox 172 1996 1820 2055; baseline -0.002 -14"><span class='ocrx_word' id='word_1_245' title='bbox 172 2003 311 2042; x_wconf 90' lang='lat' dir='ltr'><strong>moest</strong></span> <span class='ocrx_word' id='word_1_246' title='bbox 345 2012 620 2042; x_wconf 87' lang='lat' dir='ltr'><strong>verwerven.</strong></span> <span class='ocrx_word' id='word_1_247' title='bbox 646 1999 738 2041; x_wconf 90' lang='lat' dir='ltr'><strong>Een</strong></span> <span class='ocrx_word' id='word_1_248' title='bbox 761 2012 869 2054; x_wconf 88' lang='lat' dir='ltr'><strong>paar</strong></span> <span class='ocrx_word' id='word_1_249' title='bbox 899 1999 1029 2055; x_wconf 85' lang='lat' dir='ltr'><strong>jaren</strong></span> <span class='ocrx_word' id='word_1_250' title='bbox 1054 1998 1168 2040; x_wconf 90' lang='lat' dir='ltr'><strong>later</strong></span> <span class='ocrx_word' id='word_1_251' title='bbox 1204 2001 1352 2039; x_wconf 86' lang='lat' dir='ltr'><strong>noemt</strong></span> <span class='ocrx_word' id='word_1_252' title='bbox 1391 1997 1490 2039; x_wconf 91' lang='lat' dir='ltr'><strong>hem</strong></span> <span class='ocrx_word' id='word_1_253' title='bbox 1522 2010 1630 2052; x_wconf 89' lang='lat' dir='ltr'><strong>paus</strong></span> <span class='ocrx_word' id='word_1_254' title='bbox 1653 1996 1820 2052; x_wconf 85' lang='lat' dir='ltr'><strong>Grego-</strong></span> 
     </span>
     <span class='ocr_line' id='line_1_27' title="bbox 173 2068 1820 2126; baseline -0.001 -13"><span class='ocrx_word' id='word_1_255' title='bbox 173 2070 263 2113; x_wconf 89' lang='lat' dir='ltr'><strong>rius</strong></span> <span class='ocrx_word' id='word_1_256' title='bbox 295 2072 360 2114; x_wconf 92' lang='lat' dir='ltr'><strong>XI</strong></span> <span class='ocrx_word' id='word_1_257' title='bbox 392 2088 408 2111; x_wconf 78' lang='grc' dir='ltr'>α</span> <span class='ocrx_word' id='word_1_258' title='bbox 433 2070 551 2126; x_wconf 86' lang='lat' dir='ltr'><strong>pugil</strong></span> <span class='ocrx_word' id='word_1_259' title='bbox 574 2070 673 2113; x_wconf 90' lang='lat' dir='ltr'><strong>fidei</strong></span> <span class='ocrx_word' id='word_1_260' title='bbox 703 2069 958 2126; x_wconf 84' lang='lat' dir='ltr'><strong>magnificus</strong></span> <span class='ocrx_word' id='word_1_261' title='bbox 982 2072 1029 2113; x_wconf 88' lang='lat' dir='ltr'><strong>et</strong></span> <span class='ocrx_word' id='word_1_262' title='bbox 1051 2071 1280 2124; x_wconf 87' lang='lat' dir='ltr'><strong>promptus</strong></span> <span class='ocrx_word' id='word_1_263' title='bbox 1316 2068 1640 2112; x_wconf 89' lang='lat' dir='ltr'><strong>haereticorum</strong></span> <span class='ocrx_word' id='word_1_264' title='bbox 1672 2081 1820 2124; x_wconf 88' lang='lat' dir='ltr'><strong>perse-</strong></span> 
     </span>
     <span class='ocr_line' id='line_1_28' title="bbox 173 2136 1822 2194; baseline -0.001 -13"><span class='ocrx_word' id='word_1_265' title='bbox 173 2141 299 2181; x_wconf 87' lang='lat' dir='ltr'><strong>cutor</strong></span> <span class='ocrx_word' id='word_1_266' title='bbox 316 2156 334 2178; x_wconf 82' lang='lat'>»</span> <span class='ocrx_word' id='word_1_267' title='bbox 349 2174 358 2191; x_wconf 94' lang='lat'><strong>‚</strong></span> <span class='ocrx_word' id='word_1_268' title='bbox 386 2153 465 2182; x_wconf 92' lang='lat' dir='ltr'><strong>een</strong></span> <span class='ocrx_word' id='word_1_269' title='bbox 489 2139 687 2182; x_wconf 89' lang='lat' dir='ltr'><strong>eeretitel</strong></span> <span class='ocrx_word' id='word_1_270' title='bbox 705 2152 884 2194; x_wconf 84' lang='lat' dir='ltr'><strong>waarop</strong></span> <span class='ocrx_word' id='word_1_271' title='bbox 901 2138 1037 2181; x_wconf 86' lang='lat' dir='ltr'><strong>Karel</strong></span> <span class='ocrx_word' id='word_1_272' title='bbox 1055 2138 1117 2179; x_wconf 93' lang='lat' dir='ltr'><strong>IV</strong></span> <span class='ocrx_word' id='word_1_273' title='bbox 1142 2137 1375 2181; x_wconf 90' lang='lat' dir='ltr'><strong>volkomen</strong></span> <span class='ocrx_word' id='word_1_274' title='bbox 1400 2136 1649 2192; x_wconf 87' lang='lat' dir='ltr'><strong>aanspraak</strong></span> <span class='ocrx_word' id='word_1_275' title='bbox 1672 2138 1822 2180; x_wconf 89' lang='lat' dir='ltr'><strong>mocht</strong></span> 
     </span>
     <span class='ocr_line' id='line_1_29' title="bbox 173 2204 1821 2261; baseline -0.001 -11"><span class='ocrx_word' id='word_1_276' title='bbox 173 2206 346 2250; x_wconf 85' lang='lat' dir='ltr'><strong>maken.</strong></span> <span class='ocrx_word' id='word_1_277' title='bbox 375 2209 433 2250; x_wconf 93' lang='lat' dir='ltr'><strong>De</strong></span> <span class='ocrx_word' id='word_1_278' title='bbox 450 2207 523 2251; x_wconf 93' lang='lat' dir='ltr'><strong>bul</strong></span> <span class='ocrx_word' id='word_1_279' title='bbox 540 2205 571 2259; x_wconf 81' lang='lat'><strong>³,</strong></span> <span class='ocrx_word' id='word_1_280' title='bbox 600 2207 767 2250; x_wconf 86' lang='lat' dir='ltr'><strong>waarin</strong></span> <span class='ocrx_word' id='word_1_281' title='bbox 790 2207 889 2250; x_wconf 92' lang='lat' dir='ltr'><strong>hem</strong></span> <span class='ocrx_word' id='word_1_282' title='bbox 912 2207 1019 2250; x_wconf 91' lang='lat' dir='ltr'><strong>door</strong></span> <span class='ocrx_word' id='word_1_283' title='bbox 1042 2205 1126 2248; x_wconf 90' lang='lat' dir='ltr'><strong>den</strong></span> <span class='ocrx_word' id='word_1_284' title='bbox 1149 2218 1256 2261; x_wconf 91' lang='lat' dir='ltr'><strong>paus</strong></span> <span class='ocrx_word' id='word_1_285' title='bbox 1282 2205 1349 2248; x_wconf 93' lang='lat' dir='ltr'><strong>die</strong></span> <span class='ocrx_word' id='word_1_286' title='bbox 1372 2205 1438 2248; x_wconf 89' lang='lat' dir='ltr'><strong>lof</strong></span> <span class='ocrx_word' id='word_1_287' title='bbox 1455 2204 1678 2261; x_wconf 90' lang='lat' dir='ltr'><strong>openbaar</strong></span> <span class='ocrx_word' id='word_1_288' title='bbox 1699 2205 1821 2248; x_wconf 86' lang='lat' dir='ltr'><strong>werd</strong></span> 
     </span>
     <span class='ocr_line' id='line_1_30' title="bbox 174 2274 1816 2332; baseline 0 -13"><span class='ocrx_word' id='word_1_289' title='bbox 174 2276 488 2332; x_wconf 81' lang='lat' dir='ltr'><strong>toegezwaaid‚</strong></span> <span class='ocrx_word' id='word_1_290' title='bbox 527 2277 562 2319; x_wconf 92' lang='lat' dir='ltr'><strong>is</strong></span> <span class='ocrx_word' id='word_1_291' title='bbox 601 2277 783 2332; x_wconf 83' lang='lat' dir='ltr'><strong>degene,</strong></span> <span class='ocrx_word' id='word_1_292' title='bbox 822 2274 1001 2331; x_wconf 85' lang='lat' dir='ltr'><strong>waarbij</strong></span> <span class='ocrx_word' id='word_1_293' title='bbox 1026 2274 1266 2330; x_wconf 85' lang='lat' dir='ltr'><strong>Gregorius</strong></span> <span class='ocrx_word' id='word_1_294' title='bbox 1289 2274 1371 2327; x_wconf 89' lang='lat' dir='ltr'><strong>XI,</strong></span> <span class='ocrx_word' id='word_1_295' title='bbox 1410 2287 1462 2330; x_wconf 90' lang='lat' dir='ltr'><strong>op</strong></span> <span class='ocrx_word' id='word_1_296' title='bbox 1496 2276 1522 2316; x_wconf 90' lang='lat'><strong>7</strong></span> <span class='ocrx_word' id='word_1_297' title='bbox 1544 2274 1648 2318; x_wconf 88' lang='lat' dir='ltr'><strong>Juni</strong></span> <span class='ocrx_word' id='word_1_298' title='bbox 1685 2274 1816 2327; x_wconf 83' lang='lat'>1361,</span> 
     </span>
    </p>
   </div>
   <div class='ocr_carea' id='block_1_3' title="bbox 175 2499 1821 2982">
    <p class='ocr_par' dir='ltr' id='par_1_3' title="bbox 175 2499 1821 2761">
     <span class='ocr_line' id='line_1_31' title="bbox 175 2499 1821 2544; baseline -0.001 -10"><span class='ocrx_word' id='word_1_299' title='bbox 175 2502 275 2543; x_wconf 89' lang='lat' dir='ltr'><strong>quod</strong></span> <span class='ocrx_word' id='word_1_300' title='bbox 291 2500 386 2534; x_wconf 85' lang='lat' dir='ltr'><strong>nihil</strong></span> <span class='ocrx_word' id='word_1_301' title='bbox 403 2500 544 2534; x_wconf 89' lang='lat' dir='ltr'><strong>habere</strong></span> <span class='ocrx_word' id='word_1_302' title='bbox 560 2501 679 2534; x_wconf 85' lang='lat' dir='ltr'><strong>velint</strong></span> <span class='ocrx_word' id='word_1_303' title='bbox 695 2510 765 2535; x_wconf 89' lang='lat' dir='ltr'><strong>nec</strong></span> <span class='ocrx_word' id='word_1_304' title='bbox 789 2501 954 2535; x_wconf 85' lang='lat' dir='ltr'><strong>debeant</strong></span> <span class='ocrx_word' id='word_1_305' title='bbox 976 2501 1016 2534; x_wconf 90' lang='lat' dir='ltr'><strong>in</strong></span> <span class='ocrx_word' id='word_1_306' title='bbox 1040 2501 1195 2544; x_wconf 83' lang='lat' dir='ltr'><strong>proprio</strong></span> <span class='ocrx_word' id='word_1_307' title='bbox 1214 2509 1282 2535; x_wconf 79' lang='lat' dir='ltr'><strong>nec</strong></span> <span class='ocrx_word' id='word_1_308' title='bbox 1300 2500 1340 2534; x_wconf 87' lang='lat' dir='ltr'><strong>in</strong></span> <span class='ocrx_word' id='word_1_309' title='bbox 1366 2499 1559 2534; x_wconf 85' lang='lat' dir='ltr'><strong>communi</strong></span> <span class='ocrx_word' id='word_1_310' title='bbox 1576 2508 1688 2541; x_wconf 86' lang='lat' dir='ltr'><strong>quam</strong></span> <span class='ocrx_word' id='word_1_311' title='bbox 1706 2500 1821 2533; x_wconf 88' lang='lat' dir='ltr'><strong>etiam</strong></span> 
     </span>
     <span class='ocr_line' id='line_1_32' title="bbox 175 2555 1820 2598; baseline -0.001 -9"><span class='ocrx_word' id='word_1_312' title='bbox 175 2557 341 2590; x_wconf 88' lang='lat' dir='ltr'><strong>vestibus</strong></span> <span class='ocrx_word' id='word_1_313' title='bbox 357 2556 495 2588; x_wconf 86' lang='lat' dir='ltr'><strong>vilibus</strong></span> <span class='ocrx_word' id='word_1_314' title='bbox 518 2557 679 2589; x_wconf 89' lang='lat' dir='ltr'><strong>mentita</strong></span> <span class='ocrx_word' id='word_1_315' title='bbox 702 2557 774 2589; x_wconf 88' lang='lat' dir='ltr'><strong>sibi</strong></span> <span class='ocrx_word' id='word_1_316' title='bbox 798 2557 998 2598; x_wconf 87' lang='lat' dir='ltr'><strong>iniquitate</strong></span> <span class='ocrx_word' id='word_1_317' title='bbox 1023 2557 1195 2590; x_wconf 83' lang='lat' dir='ltr'><strong>exterius</strong></span> <span class='ocrx_word' id='word_1_318' title='bbox 1219 2556 1489 2598; x_wconf 88' lang='lat' dir='ltr'><strong>praetendunt,</strong></span> <span class='ocrx_word' id='word_1_319' title='bbox 1507 2555 1669 2588; x_wconf 88' lang='lat' dir='ltr'><strong>interius</strong></span> <span class='ocrx_word' id='word_1_320' title='bbox 1693 2555 1820 2588; x_wconf 84' lang='lat' dir='ltr'><strong>autem</strong></span> 
     </span>
     <span class='ocr_line' id='line_1_33' title="bbox 175 2609 1820 2654; baseline -0.002 -10"><span class='ocrx_word' id='word_1_321' title='bbox 175 2613 217 2644; x_wconf 87' lang='lat' dir='ltr'><strong>ut</strong></span> <span class='ocrx_word' id='word_1_322' title='bbox 233 2610 453 2653; x_wconf 82' lang='lat' dir='ltr'><strong>vulpeculae</strong></span> <span class='ocrx_word' id='word_1_323' title='bbox 476 2612 625 2644; x_wconf 82' lang='lat' dir='ltr'><strong>vineam</strong></span> <span class='ocrx_word' id='word_1_324' title='bbox 649 2612 801 2644; x_wconf 89' lang='lat' dir='ltr'><strong>Domini</strong></span> <span class='ocrx_word' id='word_1_325' title='bbox 827 2611 991 2645; x_wconf 86' lang='lat' dir='ltr'><strong>Sabaoth</strong></span> <span class='ocrx_word' id='word_1_326' title='bbox 1017 2612 1194 2654; x_wconf 83' lang='lat' dir='ltr'><strong>satagunt</strong></span> <span class='ocrx_word' id='word_1_327' title='bbox 1219 2611 1408 2651; x_wconf 86' lang='lat' dir='ltr'><strong>demoliri,</strong></span> <span class='ocrx_word' id='word_1_328' title='bbox 1424 2620 1509 2643; x_wconf 91' lang='lat' dir='ltr'><strong>cum</strong></span> <span class='ocrx_word' id='word_1_329' title='bbox 1521 2612 1647 2643; x_wconf 85' lang='lat' dir='ltr'><strong>tamen</strong></span> <span class='ocrx_word' id='word_1_330' title='bbox 1665 2609 1820 2642; x_wconf 84' lang='lat' dir='ltr'><strong>eaedem</strong></span> 
     </span>
     <span class='ocr_line' id='line_1_34' title="bbox 176 2663 1819 2708; baseline -0.001 -11"><span class='ocrx_word' id='word_1_331' title='bbox 176 2666 300 2697; x_wconf 88' lang='lat' dir='ltr'><strong>sectae</strong></span> <span class='ocrx_word' id='word_1_332' title='bbox 317 2666 458 2698; x_wconf 90' lang='lat' dir='ltr'><strong>dudum</strong></span> <span class='ocrx_word' id='word_1_333' title='bbox 474 2675 543 2708; x_wconf 89' lang='lat' dir='ltr'><strong>per</strong></span> <span class='ocrx_word' id='word_1_334' title='bbox 559 2666 758 2700; x_wconf 87' lang='lat' dir='ltr'><strong>ecclesiam</strong></span> <span class='ocrx_word' id='word_1_335' title='bbox 775 2667 974 2700; x_wconf 85' lang='lat' dir='ltr'><strong>damnatae</strong></span> <span class='ocrx_word' id='word_1_336' title='bbox 992 2666 1239 2699; x_wconf 89' lang='lat' dir='ltr'><strong>dinoscuntur</strong></span> <span class='ocrx_word' id='word_1_337' title='bbox 1264 2667 1302 2700; x_wconf 89' lang='lat' dir='ltr'><strong>et</strong></span> <span class='ocrx_word' id='word_1_338' title='bbox 1325 2665 1412 2699; x_wconf 87' lang='lat' dir='ltr'><strong>talis</strong></span> <span class='ocrx_word' id='word_1_339' title='bbox 1428 2666 1632 2707; x_wconf 86' lang='lat' dir='ltr'><strong>paupertas</strong></span> <span class='ocrx_word' id='word_1_340' title='bbox 1656 2663 1819 2697; x_wconf 86' lang='lat' dir='ltr'><strong>haereti-</strong></span> 
     </span>
     <span class='ocr_line' id='line_1_35' title="bbox 177 2719 542 2761; baseline 0 -10"><span class='ocrx_word' id='word_1_341' title='bbox 177 2719 268 2752; x_wconf 89' lang='lat' dir='ltr'><strong>calis</strong></span> <span class='ocrx_word' id='word_1_342' title='bbox 293 2719 342 2751; x_wconf 89' lang='lat' dir='ltr'><strong>sit</strong></span> <span class='ocrx_word' id='word_1_343' title='bbox 363 2720 542 2761; x_wconf 76' lang='lat' dir='ltr'><strong>Judicata.</strong></span> 
     </span>
    </p>

    <p class='ocr_par' dir='ltr' id='par_1_4' title="bbox 177 2771 1821 2870">
     <span class='ocr_line' id='line_1_36' title="bbox 221 2771 1821 2819; baseline 0.001 -14"><span class='ocrx_word' id='word_1_344' title='bbox 221 2774 232 2795; x_wconf 88' lang='lat'><strong>1</strong></span> <span class='ocrx_word' id='word_1_345' title='bbox 256 2774 319 2806; x_wconf 91' lang='lat' dir='ltr'><strong>Zie</strong></span> <span class='ocrx_word' id='word_1_346' title='bbox 344 2774 458 2815; x_wconf 78' lang='lat' dir='ltr'><strong>mijne</strong></span> <span class='ocrx_word' id='word_1_347' title='bbox 485 2773 742 2808; x_wconf 73' lang='lat' dir='ltr'><strong>Geschz&#39;edem&#39;s</strong></span> <span class='ocrx_word' id='word_1_348' title='bbox 765 2774 832 2809; x_wconf 80' lang='lat' dir='ltr'><strong>cler</strong></span> <span class='ocrx_word' id='word_1_349' title='bbox 855 2774 1045 2819; x_wconf 76' lang='lat' dir='ltr'><strong>Inquisitie</strong></span> <span class='ocrx_word' id='word_1_350' title='bbox 1066 2776 1106 2808; x_wconf 79' lang='lat' dir='ltr'><strong>in</strong></span> <span class='ocrx_word' id='word_1_351' title='bbox 1131 2773 1176 2808; x_wconf 81' lang='lat' dir='ltr'><strong>de</strong></span> <span class='ocrx_word' id='word_1_352' title='bbox 1200 2773 1485 2814; x_wconf 76' lang='lat' dir='ltr'><strong>Nederlanden,</strong></span> <span class='ocrx_word' id='word_1_353' title='bbox 1510 2772 1594 2806; x_wconf 86' lang='lat' dir='ltr'><strong>deel</strong></span> <span class='ocrx_word' id='word_1_354' title='bbox 1618 2773 1649 2812; x_wconf 93' lang='lat' dir='ltr'><strong>I,</strong></span> <span class='ocrx_word' id='word_1_355' title='bbox 1668 2772 1739 2805; x_wconf 90' lang='lat' dir='ltr'><strong>blz.</strong></span> <span class='ocrx_word' id='word_1_356' title='bbox 1758 2771 1821 2806; x_wconf 89' lang='lat'><strong>100</strong></span> 
     </span>
     <span class='ocr_line' id='line_1_37' title="bbox 177 2828 350 2870; baseline -0.006 -9"><span class='ocrx_word' id='word_1_357' title='bbox 177 2836 224 2861; x_wconf 85' lang='lat' dir='ltr'><strong>en</strong></span> <span class='ocrx_word' id='word_1_358' title='bbox 248 2828 350 2870; x_wconf 86' lang='lat' dir='ltr'><strong>volg.</strong></span> 
     </span>
    </p>

    <p class='ocr_par' dir='ltr' id='par_1_5' title="bbox 220 2882 1035 2928">
     <span class='ocr_line' id='line_1_38' title="bbox 220 2882 1035 2928; baseline 0.002 -14"><span class='ocrx_word' id='word_1_359' title='bbox 220 2888 233 2909; x_wconf 77' lang='lat'><strong>2</strong></span> <span class='ocrx_word' id='word_1_360' title='bbox 257 2882 311 2915; x_wconf 82' lang='lat' dir='ltr'><strong>De</strong></span> <span class='ocrx_word' id='word_1_361' title='bbox 326 2882 535 2926; x_wconf 71' lang='lat' dir='ltr'><strong>Beyhardis</strong></span> <span class='ocrx_word' id='word_1_362' title='bbox 551 2888 584 2916; x_wconf 84' lang='lat' dir='ltr'><strong>et</strong></span> <span class='ocrx_word' id='word_1_363' title='bbox 602 2884 850 2928; x_wconf 60' lang='lat' dir='ltr'><strong>Beyhfflabus,</strong></span> <span class='ocrx_word' id='word_1_364' title='bbox 870 2885 938 2917; x_wconf 91' lang='lat' dir='ltr'><strong>blz.</strong></span> <span class='ocrx_word' id='word_1_365' title='bbox 958 2885 1035 2918; x_wconf 83' lang='lat'>350.</span> 
     </span>
    </p>

    <p class='ocr_par' dir='ltr' id='par_1_6' title="bbox 221 2935 1189 2982">
     <span class='ocr_line' id='line_1_39' title="bbox 221 2935 1189 2982; baseline 0.004 -12"><span class='ocrx_word' id='word_1_366' title='bbox 221 2935 235 2958; x_wconf 76' lang='lat'><strong>³</strong></span> <span class='ocrx_word' id='word_1_367' title='bbox 260 2936 397 2980; x_wconf 73' lang='lat' dir='ltr'><strong>Corpus</strong></span> <span class='ocrx_word' id='word_1_368' title='bbox 414 2939 443 2979; x_wconf 84' lang='grc' dir='ltr'><strong>Ι,</strong></span> <span class='ocrx_word' id='word_1_369' title='bbox 462 2938 530 2972; x_wconf 80' lang='lat' dir='ltr'><strong>blz.</strong></span> <span class='ocrx_word' id='word_1_370' title='bbox 548 2939 626 2980; x_wconf 70' lang='lat'><strong>221,</strong></span> <span class='ocrx_word' id='word_1_371' title='bbox 645 2946 682 2972; x_wconf 70' lang='grc' dir='ltr'><strong>ιιΓ</strong></span> <span class='ocrx_word' id='word_1_372' title='bbox 699 2940 781 2982; x_wconf 78' lang='lat'><strong>2143</strong></span> <span class='ocrx_word' id='word_1_373' title='bbox 799 2940 998 2981; x_wconf 86' lang='lat' dir='ltr'><strong>Mosheim,</strong></span> <span class='ocrx_word' id='word_1_374' title='bbox 1018 2940 1088 2973; x_wconf 89' lang='lat' dir='ltr'><strong>blz.</strong></span> <span class='ocrx_word' id='word_1_375' title='bbox 1105 2940 1189 2974; x_wconf 69' lang='lat'><strong>364.</strong></span> 
     </span>
    </p>
   </div>
  </div>
 </body>
</html>
