2008 3278
477 787 863 854 TWEEDE
920 787 1473 856 HOOFDSTUK

219 961 292 995 DE
317 959 621 1002 INQUISITIE
645 959 719 993 EN
744 960 816 992 DE
839 959 1053 993 EERSTE
1077 959 1517 994 VERVOLGINGEN
1541 961 1725 996 TEGEN

545 1032 618 1066 DE
641 1031 772 1065 VRIJ
774 1031 807 1064 E
831 1030 1388 1065 BROEDERSCHAPPEN

408 1101 543 1135 DER
580 1100 932 1135 BEGIJNEN
971 1100 1057 1134 EN
1095 1102 1130 1134 B
1153 1101 1529 1136 EGGARDEN

211 1405 297 1449 Het
318 1404 543 1449 dertiende
575 1404 809 1448 hoofdstuk
843 1406 920 1449 der
952 1417 1129 1449 canones
1160 1419 1246 1448 van
1278 1405 1354 1448 het
1376 1405 1523 1448 vierde
1555 1406 1780 1461 algemeen

149 1475 330 1518 concilie
354 1488 437 1518 van
460 1476 675 1518 Lateraan
699 1474 785 1517 had
807 1476 852 1517 in
880 1474 992 1518 1215
1015 1474 1233 1518 verboden
1255 1475 1426 1517 nieuwe
1449 1474 1782 1518 kloosterorden

150 1546 194 1587 te
227 1544 418 1587 stichten
451 1543 613 1587 zonder
633 1544 685 1586 de
707 1544 920 1600 toelating
937 1558 1022 1588 van
1047 1544 1130 1586 den
1148 1544 1203 1586 H.
1227 1544 1360 1587 Stoel.
1582 1535 1583 1539 ¹

210 1614 330 1659 V66r
365 1615 465 1659 dien
497 1615 576 1672 tijd
614 1614 765 1658 waben
803 1615 844 1658 in
880 1616 933 1658 de
964 1615 1268 1658 Nederlanden
1306 1615 1546 1672 dergelijke
1577 1614 1783 1658 broeder-

149 1686 370 1743 schappen
401 1686 526 1730 reeds
567 1687 671 1742 lang
709 1692 772 1729 tot
810 1687 939 1729 stand
973 1686 1202 1743 gekomen,
1245 1687 1395 1729 vooral
1437 1686 1490 1729 de
1527 1687 1783 1730 vermaarde

148 1756 449 1812 Begijnhoven
470 1754 499 1806 ¹,
521 1755 603 1807 die,
632 1756 675 1797 in
698 1755 750 1798 de
774 1755 932 1799 laatste
949 1755 1061 1799 helft
1084 1755 1160 1798 der
1187 1754 1278 1798 152de
1301 1769 1425 1800 eeuw
1448 1754 1662 1814 (wellicht
1678 1755 1784 1799 door

147 1824 231 1867 den
268 1837 446 1867 vromen
485 1825 673 1880 priester
705 1823 1146 1881 Lambert-le-Bbgue
1180 1829 1223 1868 te
1255 1825 1384 1881 Luik)
1417 1838 1524 1868 voor
1556 1825 1632 1868 het
1666 1828 1783 1868 eerst

147 1892 327 1936 werden
347 1893 567 1950 ingericht
583 1891 616 1937 ².
641 1893 690 1936 In
725 1894 806 1936 den
828 1894 925 1950 loop
959 1894 1035 1936 der
1068 1894 1293 1937 dertiende
1326 1908 1380 1936 en
1413 1894 1457 1936 in
1491 1895 1519 1937 ’t
1542 1893 1671 1949 begin
1704 1894 1780 1937 der

114 1954 117 1958 ’
146 1962 398 2005 veertiende
435 1975 559 2005 eeuw
587 1975 668 2018 zag
701 1976 798 2005 men
832 1963 876 2005 in
911 1976 1019 2006 onze
1057 1967 1281 2019 gewesten
1313 1964 1440 2019 langs
1472 1962 1557 2005 alle
1594 1965 1776 2015 kanten,

146 2031 292 2075 schier
312 2032 356 2074 in
381 2031 478 2074 elke
500 2031 612 2083 stad,
650 2032 761 2088 vrije
783 2031 1000 2074 kloosters
1039 2045 1123 2074 van
1159 2033 1369 2089 Begijnen
1393 2033 1625 2091 verrijzen.
1651 2034 1780 2092 Rijke

144 2113 333 2143 mannen
353 2113 406 2142 en
428 2113 641 2142 vrouwen
660 2098 930 2156 begiftigden
950 2100 1052 2142 deze
1075 2101 1247 2143 nieuwe
1269 2101 1516 2157 gestichten
1544 2106 1632 2145 met
1652 2103 1780 2145 milde

143 2168 262 2212 hand
279 2165 312 2212 ³.
333 2169 392 2212 De
414 2169 661 2224 schepenen
685 2182 739 2225 op
759 2170 854 2212 vele
873 2169 1088 2225 plaatsen‚
1111 2169 1162 2212 de
1182 2183 1348 2225 graven
1368 2184 1451 2213 van
1473 2171 1751 2214 Vlaanderen
1767 2169 1784 2194 ⁴

186 2333 199 2356 ¹
217 2331 317 2366 Over
331 2332 403 2366 den
418 2342 631 2376 oorsprong
647 2333 714 2367 der
732 2333 1039 2367 Nederlandsche
1052 2333 1326 2376 Begijnhoven,
1345 2334 1401 2366 zie
1418 2333 1461 2367 E.
1481 2333 1697 2374 Hallmann‚
1712 2333 1780 2368 Die

146 2385 360 2422 Geschichte
375 2386 439 2422 des
463 2387 675 2432 Ursprunys
691 2387 759 2422 der
771 2387 977 2432 belqischen
989 2388 1184 2432 Beylzinen
1199 2388 1371 2431 (Berlijn,
1388 2388 1504 2430 1843„
1522 2390 1565 2422 A.
1585 2389 1777 2431 Wauters,

142 2440 304 2476 Histoire
320 2443 385 2477 des
400 2444 574 2477 environ-s·
590 2444 636 2478 de
651 2443 862 2487 Bruxelles,
881 2443 965 2477 deel
989 2445 1040 2487 11,
1058 2444 1128 2477 blz.
1147 2444 1212 2477 499
1236 2453 1283 2478 en
1302 2443 1403 2487 volg.
1428 2445 1501 2486 (ter
1524 2444 1779 2488 gelegenheid

142 2506 214 2531 van
227 2496 292 2531 het
308 2498 514 2541 BegiJnhof
529 2508 600 2532 van
617 2499 845 2540 Vilvoorde)‚
870 2508 950 2533 enz.

184 2556 199 2578 ²
214 2551 320 2592 Mon,
338 2552 694 2596 Kerkyesehiedenz‘s
717 2564 787 2587 van
806 2553 1042 2596 Nederland,
1061 2553 1144 2588 deel
1169 2553 1220 2594 ΙΙ,
1245 2552 1282 2585 2·
1305 2553 1406 2595 stuk,
1424 2553 1495 2586 blz.
1512 2553 1576 2588 150
1592 2563 1639 2587 en
1655 2554 1778 2598 volg.;

142 2616 190 2642 en
206 2607 297 2650 Lea,
312 2606 466 2652 History
482 2609 527 2652 of
544 2608 603 2643 the
619 2609 840 2654 Inquisition
854 2611 894 2642 in
918 2608 977 2642 the
994 2608 1135 2643 Middle
1152 2609 1261 2652 Ayes,
1279 2609 1362 2642 deel
1380 2608 1430 2647 11,
1445 2608 1515 2641 blz.
1533 2609 1598 2642 350
1610 2618 1656 2643 en
1672 2609 1776 2653 volg.

142 2663 207 2697 Zie
221 2662 296 2696 ook
308 2663 424 2705 miJne
440 2664 776 2708 vex-handelingen,
791 2665 860 2698 Les
876 2664 1094 2698 documents
1109 2663 1155 2697 de
1173 2662 1345 2707 Glasyow
1362 2669 1586 2697 concernunt
1600 2663 1775 2698 Lambert

142 2718 176 2751 le
191 2717 317 2761 Reque
338 2726 386 2752 en
409 2717 537 2753 Notice
560 2719 896 2764 complementaire,
914 2721 954 2754 in
978 2721 1025 2754 de
1049 2719 1151 2754 Buzz.
1176 2718 1221 2753 de
1243 2718 1386 2753 Z’Acad.
1411 2728 1494 2762 roy.
1519 2717 1565 2753 de
1588 2718 1773 2764 Belqique,

140 2772 177 2806 3⁰
187 2773 311 2813 reeks,
329 2773 414 2807 deel
430 2774 568 2817 XXIX,
588 2775 683 2808 1895.

183 2829 198 2853 ²
213 2827 277 2861 Zie
300 2829 345 2862 A.
370 2829 561 2871 VVauters,
593 2830 704 2865 Table
727 2829 1013 2876 chronoloyique
1040 2830 1104 2864 des
1136 2828 1281 2864 chartas
1310 2834 1344 2863 et
1373 2828 1552 2874 diplomes
1583 2831 1773 2875 imprimes

141 2887 366 2916 concernunt
383 2882 556 2918 l’lzistoire
572 2884 617 2919 de
634 2885 823 2930 Bezqique,
842 2886 976 2921 deelen
992 2886 1063 2920 VII
1081 2895 1127 2919 en
1144 2885 1248 2927 VIII,
1265 2885 1418 2928 passim.

183 2937 197 2961 ⁴
213 2935 341 2973 Onder
364 2939 530 2974 anderen
547 2940 594 2975 de
617 2943 751 2986 gravin
773 2941 950 2977 Johanna
971 2950 1042 2976 van
1067 2940 1387 2985 Constantinopel,
1405 2941 1466 2974 die
1491 2941 1528 2975 te
1552 2941 1648 2976 Gent
1664 2950 1710 2976 en
1735 2943 1772 2976 te
