1976 3134
427 198 494 234 DE
530 198 682 235 SEGTE
720 199 824 236 DER
860 200 1086 238 DANSERS
1125 201 1181 237 IN
1219 200 1303 236 1374
1623 199 1689 237 107

49 310 192 356 duivel
214 312 278 356 uit
300 312 391 355 hun
415 311 487 370 lijf
502 315 546 357 te
569 313 796 371 verJagen,
824 313 1014 370 hetgeen
1035 315 1102 358 tot
1125 315 1386 370 overgroote
1405 312 1686 371 beschaming

50 380 126 425 des
146 380 314 425 duivels
339 395 393 424 en
426 385 491 426 tot
516 395 590 425 eer
621 382 700 426 der
721 381 938 426 Luiksche
971 382 1302 441 geestelijkheid
1337 381 1553 440 gebeurde
1571 383 1600 426 ¹.
1637 383 1688 427 In

50 449 172 494 stede
192 462 278 493 van
299 449 545 494 vernederd
569 450 633 494 uit
655 450 759 495 deze
776 451 1113 508 moeilijkheden
1135 456 1179 496 te
1201 453 1374 502 komen,
1397 451 1495 495 trad
1517 451 1621 495 deze
1640 466 1689 495 er

49 518 267 576 glansrijk
291 520 355 563 uit
372 516 404 563 ².
440 519 542 562 Men
575 519 661 562 had
683 519 903 572 beweerd,
931 520 1006 564 dat
1028 519 1079 563 de
1103 520 1254 563 schuld
1292 520 1369 564 der
1391 521 1594 565 onlusten
1616 524 1686 566 toe

47 592 93 634 te
117 589 342 647 schrijven
364 604 457 634 was
479 604 564 634 aan
586 591 662 635 het
686 591 827 635 slecht
849 591 1016 648 gedrag
1033 591 1111 634 der
1128 592 1383 648 ontuchtige
1401 592 1610 649 priesters
1634 608 1687 636 en

47 673 147 703 men
166 660 254 703 had
290 660 342 703 de
367 660 616 717 geldigheid
639 674 725 704 van
762 660 838 705 het
871 660 976 704 door
1007 661 1094 704 hen
1128 661 1411 717 toegediende
1443 660 1620 718 doopsel
1642 662 1688 705 in

46 730 203 788 twijfel
225 728 495 788 getrokken;
523 742 659 780 maar,
686 729 870 785 volgens
902 729 984 772 den
1017 730 1327 785 Tongerschen
1362 729 1517 781 deken,
1558 730 1687 774 wilde

47 801 141 846 God
162 815 222 845 nu
243 799 451 856 duidelijk
487 798 719 857 bewijzen,
747 799 821 843 dat
846 799 923 843 het
945 799 1123 856 doopsel
1161 800 1240 843 der
1260 800 1530 844 verdorvene
1552 802 1687 857 pries-

46 872 139 914 ters
161 883 272 914 even
308 869 419 927 goed
450 869 487 912 is
510 868 574 911 als
608 867 681 912 dat
705 867 783 912 der
804 868 1094 925 deugdzame;
1117 871 1180 927 Ja,
1207 869 1312 912 zelfs
1347 870 1478 913 wilde
1510 870 1600 913 God
1634 871 1687 914 de

46 939 260 983 seculiere
292 936 626 996 geestelijkheid
664 937 965 981 rechtstreeks
988 939 1031 980 in
1053 938 1162 981 hare
1195 952 1269 982 eer
1291 939 1545 992 herstellen,
1582 940 1688 983 daar

46 1006 107 1064 hij
147 1020 232 1051 aan
253 1007 380 1058 haar,
426 1019 480 1048 en
523 1005 614 1048 niet
657 1019 741 1049 aan
775 1006 827 1049 de
864 1007 1230 1063 kloosterlingen‚
1274 1008 1326 1052 de
1349 1009 1496 1052 macht
1518 1008 1596 1065 gaf
1618 1022 1686 1052 om

49 1075 133 1120 den
157 1075 301 1120 duivel
318 1078 363 1119 te
386 1075 594 1132 verJagen
612 1071 645 1117 ³.
670 1076 870 1119 Daarvan
888 1076 1169 1133 verspreidde
1186 1077 1282 1120 zich
1304 1077 1356 1121 de
1373 1078 1486 1122 faam
1510 1079 1612 1137 wijd
1630 1093 1685 1123 en

50 1144 152 1201 zijd.
193 1145 292 1188 Van
324 1144 411 1188 alle
434 1143 703 1199 aanpalende
726 1145 923 1199 plaatsen
957 1146 1068 1189 zond
1099 1159 1198 1189 men
1223 1146 1306 1190 dan
1330 1147 1412 1190 ook
1444 1162 1552 1192 naar
1574 1149 1685 1192 Luik

46 1215 143 1260 veel
166 1214 375 1260 bezetene
407 1215 612 1265 DanserS,
649 1215 717 1258 die
754 1215 859 1259 door
896 1217 950 1260 de
987 1217 1203 1261 Luiksche
1239 1218 1448 1275 priesters
1485 1233 1570 1263 van
1602 1220 1684 1263 den

49 1285 197 1329 duivel
218 1284 384 1329 verlost
401 1284 581 1327 werden
599 1281 631 1327 ⁴.
657 1285 722 1327 En
745 1284 837 1328 God
861 1285 1028 1329 schonk
1052 1286 1119 1331 die
1138 1290 1272 1343 gunst
1294 1301 1377 1331 aan
1401 1288 1452 1332 de
1475 1289 1684 1333 seculiere

48 1353 338 1412 geestelijken
355 1353 517 1397 zonder
540 1353 823 1397 onderscheid
845 1368 930 1398 van
953 1356 1248 1413 persoonlijke
1270 1357 1566 1410 verdiensten,
1591 1372 1683 1402 zoo-

43 1423 130 1466 wel
157 1437 243 1467 aan
265 1423 317 1466 de
339 1422 541 1479 geleerde
567 1423 630 1466 als
663 1437 745 1466 aan
778 1423 830 1467 de
853 1425 1128 1480 ongeleerde‚
1155 1439 1238 1469 aan
1271 1425 1324 1469 de
1345 1426 1481 1482 goede
1513 1427 1576 1471 als
1598 1441 1681 1472 aan

43 1489 98 1534 de
117 1491 391 1535 verdorvene
408 1489 441 1534 ⁵.

104 1560 370 1617 Zorgvuldig
392 1559 511 1604 heeft
535 1560 586 1603 de
610 1561 889 1617 Tongersche
912 1562 1052 1607 deken
1072 1563 1153 1606 ook
1177 1563 1382 1620 geboekt‚
1401 1565 1483 1608 hoe
1505 1580 1602 1609 men
1621 1566 1677 1624 bij

43 1628 112 1672 die
135 1628 613 1685 duivelsbezweringen
635 1632 679 1673 te
701 1631 825 1673 werk
857 1631 894 1674 is
915 1645 1102 1688 gegaan.
1138 1634 1426 1689 Daargelaten
1459 1634 1534 1678 het
1556 1636 1678 1678 lezen

38 1710 123 1741 van
158 1698 335 1749 missen,
378 1699 454 1742 het
491 1698 664 1741 houden
703 1713 787 1742 van
830 1713 1086 1744 sermoenen
1127 1715 1179 1744 en
1220 1703 1296 1745 het
1339 1702 1559 1746 inrichten
1591 1718 1678 1747 van

42 1769 196 1824 groote
228 1767 490 1823 processien,
516 1768 659 1811 welke
690 1781 872 1825 gewone
895 1770 1076 1813 middels
1109 1770 1351 1828 natuurlijk
1383 1785 1676 1828 aangewezen

85 1988 96 2012 ¹
122 1982 214 2016 Cum
240 1990 379 2025 magna
394 1983 618 2017 daemonum
641 1983 864 2016 confusione
887 1985 923 2017 et·
949 1984 1116 2026 ipsorum
1141 1985 1379 2019 sacerdotum
1395 1986 1530 2030 gloria.
1549 1983 1610 2023 (R-
1630 1984 1676 2017 de

40 2037 170 2080 Rivo.)

82 2094 96 2116 ἒ
119 2093 200 2133 Quo
216 2094 309 2136 viso,
327 2093 486 2127 cessavit
502 2095 706 2136 tempestas
722 2093 828 2137 vulgi
844 2093 987 2134 taliter,
1002 2095 1100 2136 quod
1117 2094 1241 2128 clerus
1258 2096 1377 2129 multo
1395 2096 1478 2138 plus
1496 2101 1518 2131 a
1534 2097 1672 2140 populo

41 2149 113 2182 fuit
130 2149 350 2183 honoratus.
366 2149 423 2190 (Ρ.
442 2157 513 2182 van
531 2148 790 2190 Herenthals.)
806 2166 848 2172 —
867 2149 1111 2183 sacerdotum
1137 2153 1174 2183 et
1197 2150 1290 2185 cleri
1315 2152 1536 2186 Leodiensis
1560 2153 1674 2196 longe

41 2203 193 2247 lateque
209 2206 419 2248 propagato
437 2205 534 2237 bono
553 2204 680 2237 odore.
699 2204 761 2245 (R.
779 2205 825 2237 de
841 2204 968 2244 Rivo.)

60 2272 62 2274 ’
79 2264 94 2288 ³
116 2260 202 2301 Sed,
220 2262 263 2294 ut
279 2269 354 2293 non
370 2259 493 2293 minus
508 2259 635 2293 valere
662 2260 889 2301 baptismum
912 2260 1172 2302 improborum
1189 2270 1301 2303 quam
1327 2264 1533 2305 proborum
1551 2272 1672 2296 sacer-

37 2314 167 2347 dotum
195 2315 297 2349 Deus
324 2315 589 2357 comprobaret
618 2314 888 2356 silentiumque
919 2315 1255 2350 calumniatoribus
1286 2318 1512 2359 imponeret,
1546 2327 1672 2352 saecu-

36 2368 136 2403 lares
174 2370 392 2403 sacerdotes
430 2369 499 2402 hac
539 2370 663 2412 gratia
701 2371 842 2403 donare
880 2370 1013 2412 voluit,
1049 2373 1091 2403 ut
1130 2371 1187 2404 illi
1226 2372 1441 2406 huiusmodi
1480 2381 1671 2414 possessos

36 2424 220 2458 ecclesiae
244 2426 491 2467 caeremonijs
515 2426 553 2458 et
576 2426 796 2458 exorcismis
820 2425 1040 2468 liberarent,
1059 2436 1169 2468 quam
1194 2427 1277 2469 alijs
1303 2429 1560 2462 sacerdotibus
1584 2425 1670 2460 reli-

35 2479 154 2522 giosis
172 2480 348 2523 negabat.
367 2480 429 2522 (R.
447 2481 492 2514 de
509 2480 636 2520 Rivo.)

79 2536 92 2557 ⁴
115 2534 197 2573 Qua
209 2536 309 2568 fama
325 2534 439 2577 longe
457 2535 607 2576 lateque
623 2535 805 2578 dispersa,
819 2536 971 2579 plurimi
990 2537 1100 2569 huius
1117 2540 1240 2571 sectae
1259 2538 1431 2572 homines
1449 2539 1494 2572 ad
1511 2538 1670 2571 eundem

34 2589 158 2622 locum
186 2589 337 2623 deducti
366 2590 550 2623 ecclesiae
579 2592 799 2624 exorcismis
828 2601 848 2625 e
879 2593 1051 2625 faucibus
1083 2593 1309 2626 daemonum
1340 2593 1493 2627 liberati
1523 2593 1671 2626 sobriae

33 2645 151 2678 menti
167 2645 334 2678 restituti
361 2646 527 2678 fuerunt.
545 2646 607 2686 (R.
626 2646 672 2679 de
687 2646 813 2687 Rivo.)
829 2664 872 2672 —-
889 2648 1010 2681 Multa
1033 2649 1233 2682 daemonia
1261 2649 1390 2682 Leodii
1419 2650 1506 2682 sunt
1529 2649 1667 2690 ejecta;

32 2701 71 2735 et
87 2700 133 2734 ab
150 2699 235 2733 aliis
258 2701 480 2743 regionibus
505 2700 596 2733 illuc
621 2700 904 2736 advehebantur
928 2702 1074 2736 hisdem
1099 2703 1336 2745 passionibus
1354 2704 1478 2737 vexati
1502 2704 1541 2736 et
1563 2711 1668 2736 sana-

34 2755 175 2788 bantur
191 2755 383 2789 continuo.
403 2756 628 2798 (Zantfliet.)

77 2814 91 2837 5
114 2809 158 2842 In
175 2811 311 2851 quibus
335 2811 598 2845 indifferenter
622 2812 722 2845 idem
746 2813 1020 2856 praestiterunt
1037 2816 1115 2848 tum
1134 2815 1221 2848 boni
1239 2815 1317 2848 turn
1334 2814 1424 2848 mali
1442 2813 1667 2847 sacerdotes.

33 2864 94 2906 (R.
121 2865 167 2898 de
190 2865 316 2906 Rivo.)
337 2885 379 2891 —
403 2867 565 2909 Insuper
588 2869 626 2901 et
650 2877 719 2910 per
742 2869 933 2912 simplices
957 2872 996 2904 et
1018 2879 1152 2913 parum
1177 2870 1365 2905 litteratos
1389 2869 1603 2904 sacerdotes
1625 2878 1668 2904 ac

34 2919 262 2962 capellanos.
281 2922 498 2963 (Zantssiet.)
