1976 3134
584 215 820 252 BROEDER
857 216 1301 252 BARTHOLOMAEUS
1698 219 1760 253 125

119 340 206 371 nen
237 326 309 383 wij
334 340 414 370 een
455 326 704 383 eenigszins
730 327 922 383 volledig
955 341 1009 370 en
1042 327 1262 384 kleurrijk
1301 327 1549 385 tafereeltje
1588 341 1757 371 samen-

116 396 273 439 stellen
307 409 391 438 van
429 395 491 438 dit
531 396 857 452 merkwaardig
896 395 1242 452 bisschoppelijk
1277 395 1644 452 kettergeding¹.

175 466 430 510 Omstreeks
470 467 587 510 1380
611 481 760 511 waren
784 481 833 510 er
870 468 914 509 in
938 468 1013 510 het
1037 466 1203 510 bisdom
1227 469 1414 511 Utrecht
1447 469 1539 511 drie
1572 481 1757 522 gevaar-

116 534 221 592 lijke
242 535 431 586 kettem,
467 535 535 578 die
569 536 717 578 hunne
754 535 1063 592 verderfelijke
1100 536 1367 580 leerstelsels
1406 537 1449 579 in
1485 537 1514 579 't
1537 536 1759 592 openbaar

117 603 349 659 predikten
389 617 442 647 en
482 617 530 646 er
562 605 656 646 veel
691 604 792 648 volk
826 618 919 647 mee
958 607 1003 647 te
1036 604 1279 648 besmetten
1318 603 1654 649 vermochten2.
1698 607 1757 648 De

116 675 262 716 eerste
284 673 433 716 heette
456 672 705 724 Mathaeus,
743 673 800 730 bij
828 673 1091 728 verkorting
1129 673 1326 725 Miewes,
1364 674 1412 716 of
1429 674 1682 717 Matthaeus
1705 674 1758 717 de

115 741 307 784 Lollaert
341 738 373 785 ³.
420 741 554 784 Geert
596 742 762 786 Groote
804 745 953 785 noemt
984 743 1085 784 hem
1130 760 1148 782 «ι
1187 743 1271 785 den
1315 742 1554 786 beruchten
1588 744 1757 788 ketter·

112 808 246 852 schen
279 809 544 853 leertouwer
579 831 599 850 n
637 809 729 868 (ille
754 809 995 854 haereticus
1029 809 1248 868 pellffex).
1287 811 1337 853 In
1377 811 1454 853 het
1492 812 1756 869 graafschap

113 877 317 929 HolIand,
354 879 502 921 vooral
542 881 586 921 te
619 879 787 930 Gouda,
815 877 832 900 ⁴
866 892 957 921 was
990 879 1051 936 hij
1088 879 1330 923 werkzaam
1367 880 1409 922 in
1449 880 1525 923 het
1563 881 1757 924 verbrei-

111 945 194 989 den
227 946 367 1003 zijner
388 946 591 1002 dolingen
627 960 732 990 over
764 947 816 990 de
850 947 1243 1004 menschelijkheid
1274 961 1326 990 en
1350 948 1403 991 de
1428 948 1756 1005 goddelijkheid

110 1027 196 1057 van
240 1014 458 1065 Christus,
508 1028 612 1058 over
659 1015 712 1058 de
764 1019 1068 1059 sacramenten
1116 1016 1194 1059 der
1244 1016 1367 1059 Kerk
1417 1030 1470 1059 en
1525 1030 1631 1060 over
1679 1017 1755 1061 het

111 1095 355 1139 vagevuur,
382 1084 526 1126 welke
558 1083 764 1140 dolingen
798 1084 842 1126 in
869 1084 927 1126 22
951 1084 1138 1127 artikels
1163 1097 1313 1127 waren
1348 1089 1650 1141 samengevat,
1687 1085 1756 1128 die

109 1151 225 1208 zijne
255 1152 534 1208 volgelingen
570 1152 738 1196 stelden
771 1151 913 1195 boven
953 1152 1005 1195 de
1039 1152 1265 1209 leeringeu
1298 1153 1376 1196 der
1407 1154 1629 1209 AposteIS,
1667 1157 1755 1198 ter-

109 1219 202 1277 wijl
234 1220 286 1276 zij
323 1220 578 1265 Matthaeus
601 1221 758 1263 zelven
790 1220 931 1264 boven
963 1221 1166 1264 Christus
1198 1221 1263 1265 als
1287 1235 1425 1264 eenen
1459 1222 1553 1265 God
1577 1236 1755 1266 vereer-

109 1285 210 1330 den.
249 1289 308 1330 De
345 1289 518 1332 tweede
555 1302 649 1331 was
688 1302 769 1331 een
807 1289 1052 1346 chirurgijn
1087 1302 1170 1332 van
1204 1289 1420 1344 Kampen,
1456 1287 1754 1333 Gherbrand⁵

106 1354 340 1410 geheeten,
367 1356 436 1400 die
468 1357 576 1401 door·
606 1357 828 1414 inblazing
849 1358 924 1400 des
953 1357 1120 1400 duivels
1145 1357 1211 1399 als
1244 1370 1324 1400 een
1349 1357 1459 1400 wolf
1486 1358 1538 1400 de
1561 1358 1753 1414 schapen

109 1423 187 1466 der
208 1424 330 1467 Kerk
353 1426 628 1469 verstrooide
652 1440 704 1468 en
736 1431 824 1469 met
846 1427 960 1483 zijne
983 1425 1206 1469 doodende
1229 1425 1411 1483 ketterij
1433 1440 1502 1469 om
1524 1427 1602 1470 het
1624 1427 1754 1470 leven

107 1491 280 1536 bracht.
317 1495 376 1537 De
407 1495 540 1538 derde
574 1495 781 1552 eindelijk
815 1509 908 1537 was
943 1509 1023 1538 een
1047 1494 1337 1550 Augustijner
1368 1495 1547 1538 monnik
1583 1496 1645 1539 uit
1677 1496 1755 1539 het

105 1562 299 1608 klooster
332 1576 416 1606 van
449 1563 707 1615 Dordrecht‚
735 1563 920 1606 broeder
953 1563 1316 1607 Bartholomaeus
1342 1562 1372 1615 ⁰,
1410 1564 1478 1606 die
1501 1565 1567 1607 als
1600 1567 1754 1608 termi-

149 1771 162 1793 ¹
186 1769 250 1802 Zie
266 1769 452 1803 daarover
475 1770 642 1812 Acquoy,
665 1769 829 1804 Gerardz‘
849 1770 983 1814 Maynz'
1004 1770 1179 1814 epistolae
1195 1770 1301 1812 XIV,
1319 1771 1526 1812 Excursus,
1546 1771 1615 1804 blz.
1649 1770 1752 1804 44-48

103 1824 176 1866 (De
198 1824 416 1858 haereticae
440 1825 640 1867 pravitatis
657 1824 911 1867 Inquisitionc
930 1825 1090 1860 Gerardi
1107 1826 1238 1870 Magni
1264 1828 1388 1860 aetate
1410 1828 1449 1860 et
1471 1826 1584 1868 paulo
1609 1827 1696 1869 post
1710 1827 1751 1859 in

103 1879 230 1922 patria
245 1880 376 1913 nostra
391 1880 574 1923 vigente),
591 1879 714 1914 welke
732 1880 862 1914 kleine
878 1880 1169 1924 verhandeling‚
1187 1884 1277 1915 toen
1300 1881 1344 1924 zij
1369 1882 1410 1914 in
1428 1881 1514 1914 1857
1529 1881 1751 1922 verscheen‚

103 1934 171 1969 het
186 1934 465 1978 belangrijkste
481 1945 572 1976 was,
591 1936 655 1969 dat
671 1945 772 1977 men,
790 1937 829 1969 in
854 1945 946 1970 onze
963 1945 1070 1970 eeuw
1087 1936 1251 1980 althans,
1270 1947 1361 1972 over
1376 1938 1422 1971 de
1440 1937 1752 1972 Nederlandsche

102 1989 304 2032 Inquisitie
319 1991 413 2024 voor
429 1990 568 2024 Keizer
580 1991 699 2025 Karel
710 1991 740 2023 V
757 1991 993 2034 geschreven
1009 1991 1097 2025 had.
1115 2010 1159 2016 —
1175 1992 1239 2026 Zie
1254 1993 1392 2026 verder
1407 2001 1484 2035 nog
1501 1992 1607 2034 Moll,
1624 1992 1752 2026 Kerk-

99 2043 366 2089 9eschiedenis,
395 2045 480 2079 deel
509 2046 560 2088 II,
587 2045 625 2078 3ο
651 2046 754 2088 stuk,
783 2046 854 2079 blz.
882 2046 997 2089 68-72,
1027 2055 1074 2080 en
1102 2047 1235 2081 vooral
1263 2047 1371 2089 Moll,
1405 2046 1515 2081 Geert
1544 2046 1680 2081 Groote
1707 2047 1753 2082 de

102 2099 368 2142 hetterhamer,
384 2101 424 2133 in
442 2101 488 2134 de
504 2099 664 2134 Studien
680 2111 727 2135 en
745 2100 955 2145 Bq‘jdrayen
978 2111 1024 2145 op
1040 2102 1064 2134 ’t
1082 2102 1211 2145 yebied
1228 2101 1297 2136 der
1318 2101 1536 2136 historische
1559 2101 1752 2156 theoloyie‚

102 2155 187 2190 deel
210 2155 242 2196 Ι,
259 2155 330 2189 blz.
346 2156 495 2189 344-346
517 2156 648 2198 (1870);
674 2157 965 2200 Bonet—Maury,
986 2156 1137 2191 Gerard
1163 2157 1290 2195 Groot‚
1318 2159 1387 2192 blz.
1405 2158 1463 2201 37,
1479 2158 1536 2199 38,
1552 2158 1666 2201 49-54,
1683 2157 1750 2190 62-

100 2209 146 2243 64
172 2219 220 2244 en
245 2210 362 2253 83-85,
390 2211 523 2244 alsook
547 2211 613 2245 het
635 2212 780 2255 bondig
803 2212 995 2246 overzicht
1018 2213 1087 2246 der
1110 2212 1270 2256 geheele
1293 2213 1386 2247 zaak
1410 2214 1450 2246 in
1475 2214 1565 2256 Lea,
1589 2212 1749 2257 History

102 2264 217 2309 osche
231 2265 470 2310 Inquisition,
488 2265 572 2300 deel
589 2266 641 2307 ΙΙ,
658 2267 728 2300 blz.
746 2266 908 2300 360-362.

144 2318 159 2340 2
181 2320 225 2353 P.
245 2320 377 2354 Hoorn
392 2329 401 2353 :
419 2321 591 2354 Fuerunt
615 2331 777 2363 namque
800 2321 868 2355 illo
894 2324 1064 2365 tempore
1088 2323 1166 2356 tres
1191 2323 1374 2365 precipue
1397 2322 1571 2356 homines
1588 2323 1749 2357 diversis

101 2375 141 2408 in
165 2374 272 2417 locis,
290 2371 355 2417 qui
379 2376 516 2418 spiritu
541 2377 719 2418 superbie
744 2377 881 2410 tumidi
905 2379 1108 2420 surgentes
1132 2378 1172 2411 in
1194 2377 1358 2420 publicis
1382 2378 1476 2412 locis
1499 2378 1750 2420 predicabant

102 2438 262 2473 magnas
289 2429 507 2464 blasfemias
533 2430 791 2474 populumque
824 2441 899 2465 non
930 2441 1089 2475 parvum
1132 2433 1414 2466 infamaverunt
1446 2442 1490 2466 ac
1521 2433 1599 2466 suis
1633 2433 1747 2466 sectis

102 2485 372 2526 corruperunt.

145 2538 160 2562 ³
181 2539 226 2573 In
250 2539 316 2573 het
339 2539 413 2574 HS.
432 2548 504 2573 van
529 2540 571 2573 Ρ.
592 2540 725 2574 Hoorn
747 2540 837 2575 hcet
859 2541 910 2583 hij
935 2541 1098 2582 Miewes‚
1123 2550 1230 2576 maar
1254 2551 1302 2585 op
1326 2542 1399 2577 den
1422 2542 1518 2576 rand
1542 2541 1640 2576 leest
1662 2550 1749 2576 men

105 2595 228 2637 Meus3
246 2595 356 2628 Heda
372 2596 502 2643 noemt
516 2594 606 2629 hem
620 2594 835 2629 Matthaeus
852 2595 1030 2630 Lollaert.

144 2655 160 2678 ⁴
182 2652 226 2686 P.
245 2651 396 2685 Hoorn:
416 2651 461 2685 In
479 2651 708 2686 Hollandiae
723 2653 909 2694 partibus,
926 2654 1091 2687 maxime
1107 2653 1147 2686 in
1165 2652 1308 2686 Gouda.

145 2706 160 2728 ⁵
182 2707 227 2740 P.
247 2707 379 2740 Hoorn
394 2716 403 2739 z
422 2706 693 2741 Gherbrandus
710 2708 934 2751 cyrurgicus
949 2709 990 2742 in
1008 2709 1170 2751 Campis.

143 2765 159 2789 6
181 2760 226 2794 In
242 2761 290 2796 de
306 2761 462 2795 brieven
478 2770 550 2795 van
576 2761 692 2795 Geert
708 2761 848 2796 Groote
872 2762 962 2796 beet
985 2762 1036 2804 hij
1062 2764 1099 2796 te
1123 2762 1244 2806 gelijk
1261 2761 1579 2796 Bartholomaeus
1596 2763 1636 2795 of
1652 2762 1747 2796 Ber-

100 2814 264 2849 tholdus.
282 2817 439 2859 Acquoy
453 2815 635 2858 (Gerardi
657 2816 791 2860 Maym'
813 2816 987 2861 epistolae
1002 2817 1110 2860 XIV,
1128 2818 1197 2850 blz.
1216 2817 1272 2858 24,
1291 2819 1382 2850 noot
1397 2817 1432 2859 2)
1448 2817 1530 2860 legt
1545 2818 1635 2851 deze
1653 2826 1746 2851 ver-

101 2871 271 2914 warring
285 2870 463 2905 tussehen
480 2871 592 2905 beide
608 2880 745 2905 namen
764 2872 823 2905 uit
838 2872 934 2906 door
949 2873 996 2907 de
1011 2872 1238 2916 verkorting
1253 2871 1424 2907 Broeder
1438 2872 1536 2906 Bart
1552 2873 1607 2915 (of
1622 2871 1743 2914 Bert),

101 2925 164 2960 die
192 2926 463 2968 vermoedelijk
492 2927 532 2960 in
559 2926 726 2970 gcbruik
752 2935 840 2962 was.
870 2945 914 2954 ·-
936 2927 1122 2963 Wellicht
1143 2928 1255 2963 stond
1278 2928 1340 2962 die
1364 2928 1592 2971 verkorting
1614 2928 1654 2961 in
1680 2927 1747 2961 het
