2008 3278
142 228 187 260 60
741 227 1174 263 BLOEMAERDINNE

143 340 306 382 zoowel
331 340 396 382 als
419 339 461 382 in
485 339 536 382 de
556 338 913 384 Nederlandsche
940 341 1180 395 gewesten,
1207 340 1470 384 waaronder
1507 355 1693 386 mannen
1717 358 1770 387 en

143 422 370 460 vrouwen,
418 408 723 452 volwassenen
761 423 815 451 en
853 408 1067 451 kinderen
1117 407 1259 450 «inde
1278 409 1452 466 wieghe
1471 426 1489 450 >›
1536 411 1582 453 of
1599 411 1667 454 die
1686 425 1772 468 nog

152 495 170 517 α
195 477 348 520 achter
380 480 550 521 straten
587 494 605 516 x>
646 477 867 534 speelden,
896 477 1235 533 jonkvrouwen,
1264 478 1511 531 weduwen‚
1539 481 1767 537 maagden‚

145 545 366 603 begijnen,
413 560 605 596 nonnen,
669 547 1041 597 kluizenaressen‚
1104 546 1384 603 heremthen,
1445 549 1682 595 monniken
1716 567 1772 597 en

142 614 371 670 priesters;
401 629 454 658 en
478 616 551 658 dat
587 616 663 659 het
688 618 887 672 grootste
909 616 1028 670 getal
1051 616 1123 670 (51
1161 628 1214 670 op
1260 617 1337 672 97)
1359 616 1404 658 in
1445 618 1475 661 ’t
1512 619 1771 677 hertogdom

141 683 334 727 Brabant
366 684 595 734 woonden,
617 683 964 740 waarschijnliJk
998 686 1133 726 ineest
1155 687 1199 726 te
1219 685 1394 728 Brussel
1418 686 1461 728 in
1482 687 1773 745 Hadewijch’s

139 752 464 811 onmiddellijke
494 753 732 810 nabijheid.
759 754 834 796 Die
863 753 1140 795 volmaakten
1169 752 1247 795 der
1283 753 1428 796 Minne
1462 755 1571 798 doen
1604 758 1772 814 eenigs-

138 821 231 863 zins
253 822 425 865 denken
449 835 531 865 aan
556 823 608 865 de
631 826 733 865 toen
756 821 1105 878 gebeimzinnige
1127 824 1243 866 secte
1267 822 1343 865 der
1365 823 1706 870 Gottesfreunde
1727 826 1771 870 in

136 890 417 934 Duitschland
451 905 505 934 en
529 890 819 934 Zwitserland
851 890 1096 935 omstreeks
1129 890 1206 934 het
1237 891 1409 934 midden
1440 907 1493 936 en
1517 893 1568 937 de
1602 896 1773 939 tweede

137 959 248 1002 helft
272 960 349 1002 der
378 959 468 1002 14de
489 974 612 1003 eeuw
636 957 667 1003 ¹.

196 1029 411 1072 Wellicht
437 1028 654 1072 behoorde
681 1029 734 1087 zij
760 1029 843 1071 ook
866 1031 932 1072 tot
955 1028 1246 1085 Hadewijch's
1271 1032 1404 1082 secte,
1433 1031 1500 1074 die
1522 1032 1663 1076 Maria
1685 1047 1771 1076 van

137 1098 365 1155 Valencijn
389 1097 567 1155 (Maria
595 1097 645 1142 de
681 1097 992 1155 Valentianas),
1015 1111 1137 1141 waar
1161 1098 1329 1141 Gerson
1354 1114 1438 1142 van
1462 1105 1680 1157 gewaagt.
1707 1102 1768 1160 Zij

134 1167 272 1210 leefdc
304 1166 547 1209 omstreeks
581 1167 695 1210 1400
728 1181 783 1210 en
815 1166 992 1210 schreef
1020 1181 1100 1209 een
1132 1166 1321 1211 libellum
1353 1169 1637 1213 «incredibili
1671 1171 1771 1214 sub-

134 1235 296 1279 tilitate
321 1252 338 1274 »
378 1250 484 1279 over
520 1236 571 1279 de
606 1236 760 1280 Minue
781 1235 847 1293 (de
866 1237 1148 1294 preroyativa
1179 1241 1220 1280 et
1257 1237 1491 1282 eminentia
1523 1238 1770 1284 dilectionis

131 1303 312 1361 divine).
339 1305 431 1348 Ook
456 1306 507 1362 zij
544 1305 723 1348 beeldde
756 1307 850 1348 zich
883 1306 942 1357 in,
985 1306 1057 1348 dat
1092 1305 1145 1362 zij
1186 1306 1231 1348 in
1270 1306 1377 1349 hare
1417 1307 1640 1351 visioenen
1674 1309 1767 1352 God

135 1375 343 1430 ontving;
370 1374 452 1417 ook
475 1375 528 1432 zij
560 1374 753 1417 erkende
775 1389 913 1431 geene
937 1376 1099 1418 andere
1122 1379 1210 1418 wet
1233 1375 1318 1418 dan
1343 1376 1395 1418 de
1418 1375 1575 1420 Minue
1596 1375 1630 1421 ².

193 1442 296 1499 Mag
317 1456 412 1486 men
438 1458 521 1486 aan
545 1444 701 1486 zekere
726 1445 864 1488 latere
887 1445 1265 1501 aanteekeningen
1287 1444 1435 1501 geloof
1452 1445 1658 1499 hechten,
1686 1447 1770 1490 dan

132 1525 214 1556 zou
237 1513 631 1556 Bloemaerdinne’s
669 1514 874 1569 aanhang
896 1516 941 1556 te
965 1514 1140 1557 Brussel
1164 1527 1251 1569 nog
1284 1514 1527 1557 omstreeks
1552 1515 1668 1558 1410
1694 1529 1771 1558 zoo

133 1581 326 1637 machtig
358 1582 444 1639 zijn
477 1585 686 1637 geweest,
710 1582 784 1626 dat
817 1583 893 1626 het
927 1583 1029 1625 volk
1062 1597 1110 1625 er
1145 1583 1466 1640 schimpliedjes
1495 1597 1606 1640 zong
1639 1588 1771 1640 tegen

131 1650 214 1693 den
238 1650 630 1708 hisschoppelijken
654 1651 928 1707 inquisiteur,
957 1652 1023 1694 die
1048 1652 1099 1694 de
1124 1654 1242 1695 secte
1266 1650 1464 1704 bevocht‚
1492 1665 1548 1696 en
1574 1653 1648 1697 dat
1672 1668 1769 1697 men

128 1719 226 1763 hem
250 1719 355 1762 zelfs
376 1720 420 1763 in
444 1735 550 1763 eene
573 1721 831 1777 hinderlaag
854 1721 1019 1777 poogde
1041 1724 1085 1765 te
1111 1721 1396 1764 vermoorden
1423 1719 1455 1766 ³.

173 1943 185 1965 1
201 1938 265 1970 Zic
291 1938 424 1980 Jundt,
452 1937 524 1971 Les
551 1937 648 1970 amis
674 1936 720 1970 de
747 1937 864 1978 Diem
892 1937 980 1980 Lea,
1009 1937 1164 1982 History
1192 1938 1237 1982 of
1259 1938 1319 1972 the
1345 1938 1579 1984 Inquisition,
1605 1939 1690 1974 deel
1719 1940 1772 1982 ΙΙ,

131 1992 202 2026 blz.
219 1992 377 2025 362-366.

171 2053 186 2074 2
205 2049 259 2081 Ad
287 2057 400 2089 quam
430 2048 689 2091 [dilectionem
717 2047 897 2092 divinam]
925 2049 957 2081 si
981 2049 1064 2090 quis
1089 2050 1297 2089 devenerit,
1323 2050 1366 2082 fit
1389 2051 1595 2085 secundum
1617 2059 1701 2084 eam
1726 2052 1772 2085 ab

130 2104 233 2136 omni
249 2103 335 2146 lege
352 2104 618 2145 preceptorum
636 2104 794 2145 solutus,
813 2104 1002 2137 adducens
1025 2114 1093 2146 pro
1118 2113 1158 2137 se
1182 2104 1277 2137 illud
1301 2105 1347 2138 ab
1365 2105 1536 2147 apostolo
1554 2107 1744 2148 sumptum
1763 2117 1771 2140 :

131 2173 147 2187 «
167 2159 372 2192 Caritatem
390 2158 486 2191 habe
503 2160 541 2191 et
557 2161 617 2192 fac
634 2159 734 2200 quod
750 2159 806 2192 vis
825 2174 899 2192 ......
919 2160 967 2193 Et
989 2160 1104 2199 enim,
1122 2160 1152 2192 si
1176 2160 1347 2202 predicta
1365 2160 1487 2194 Maria
1503 2171 1578 2194 non
1594 2161 1640 2195 de
1655 2162 1773 2195 viato-

128 2215 234 2247 ribus
251 2215 382 2255 utique
398 2214 528 2256 ligatis
547 2215 592 2247 ad
613 2215 880 2256 preceptorum
898 2215 1111 2248 divinorum
1134 2215 1408 2257 impletionem,
1428 2217 1493 2249 sed
1509 2217 1556 2249 (le
1573 2217 1672 2250 statu
1688 2218 1774 2251 bea—

128 2271 253 2303 torum
274 2269 517 2302 dilectionem
538 2279 650 2311 quam
674 2270 863 2303 scribebat
887 2270 1126 2312 applicasset,
1146 2271 1208 2303 vix
1233 2271 1345 2303 altius
1371 2271 1571 2312 quicquam
1587 2272 1632 2306 de
1647 2272 1775 2306 divina

127 2325 310 2358 fruitione
324 2325 446 2366 quoad
463 2324 538 2366 aliq
546 2333 591 2357 ua
603 2325 677 2357 dici
694 2326 880 2367 potuerat.
895 2325 955 2358 Sic
968 2325 1126 2358 fallebat
1142 2334 1225 2358 eam
1242 2335 1310 2359 sua
1323 2326 1517 2359 tumiditas
1534 2327 1651 2360 animi
1668 2328 1774 2361 tante

128 2380 296 2423 passioni
323 2377 537 2413 dilectionis
565 2380 749 2413 immixta.
780 2380 943 2414 Putabat
970 2380 1089 2423 igitur
1116 2389 1156 2414 se
1182 2381 1259 2414 frui
1289 2381 1382 2423 Deo,
1408 2381 1498 2414 dum
1525 2382 1680 2425 vigebat
1701 2382 1774 2416 hec

127 2435 253 2478 passio
277 2435 387 2467 fortis
412 2435 513 2468 circa
529 2435 651 2468 Deum
674 2436 714 2468 in
738 2436 820 2469 eius
844 2436 984 2475 animo,
1005 2436 1351 2478 quantumcumque
1375 2445 1397 2469 a
1422 2437 1558 2469 divinis
1581 2437 1775 2480 preceptis

127 2490 243 2533 longe
259 2490 370 2523 esset.
391 2490 598 2530 (Johannes
626 2491 673 2524 de
690 2492 872 2533 Ger-sono,
894 2490 1014 2534 Opera
1038 2490 1166 2532 (1489),
1193 2490 1277 2524 deel
1302 2491 1333 2532 1,
1358 2491 1446 2524 stuk
1471 2491 1530 2534 193
1558 2491 1699 2535 Corpus
1721 2492 1773 2527 ΙΙ,

128 2545 198 2578 blz.
218 2544 293 2577 188.
315 2564 359 2569 —
378 2545 441 2578 Zie
458 2546 534 2578 ook
550 2545 640 2588 Lea,
657 2545 812 2590 History
827 2545 942 2590 ofthe
958 2545 1193 2590 Inquisition,
1211 2546 1296 2581 deel
1312 2546 1362 2588 ΙΙ,
1382 2546 1452 2580 blz.
1472 2546 1535 2579 127
1552 2555 1599 2580 en
1614 2546 1707 2589 405.)

170 2604 185 2626 3
200 2600 264 2633 Zie
283 2599 425 2644 Corpus
439 2600 471 2641 I,
492 2600 562 2634 blz.
581 2600 740 2634 266-267.
