2008 3166
153 303 218 338 140
366 304 573 339 NIEUWE
608 305 998 341 VERVOLGINGEN
1039 306 1205 340 TEGEN
1245 298 1309 340 DE
1349 306 1596 341 BEGIJNEN

151 417 348 472 degeneri
392 415 565 468 treffen,
624 417 692 460 die
729 418 781 461 de
823 419 1109 474 inquisiteurs
1154 418 1246 462 niet
1284 418 1548 475 krachtadig
1601 418 1790 476 bijstand

150 485 401 527 verleenen.
444 486 534 527 Een
588 486 720 529 derde
761 487 856 530 deel
897 501 978 530 van
1028 487 1080 530 de
1125 488 1446 543 aangeslagene
1492 489 1704 530 roerende
1739 503 1793 531 en

152 553 425 595 onroerende
457 552 675 608 goederen
709 568 794 597 van
820 556 861 598 al
879 555 932 598 de
955 555 1264 598 veroordeelde
1290 555 1548 611 Beggarden
1572 570 1625 599 en
1650 557 1794 614 Begij-

153 634 237 663 nen
263 621 328 663 zal
353 621 436 663 den
460 621 825 665 kettermeesters
849 623 1161 667 toebehooren.

211 688 380 731 Slechts
405 703 511 732 eene
530 690 651 732 week
674 691 804 739 later,
827 691 909 733 den
939 692 986 733 17
1016 692 1118 734 Juni
1145 692 1274 740 1369,
1303 691 1462 735 richtte
1482 692 1533 731 de
1562 692 1707 734 keizer
1730 692 1795 735 uit

151 757 369 799 hetzelfde
414 759 553 800 Lucca
591 772 671 800 een
711 759 843 802 derde
886 757 1005 803 stuk¹
1045 763 1115 802 tot
1149 760 1200 802 de
1237 760 1479 817 pauselijke
1512 760 1795 816 inquisiteurs

152 825 352 867 Walther
395 826 585 882 Kerling
626 841 678 869 en
714 827 939 884 Lodewijk
969 828 1020 870 de
1057 827 1222 884 Caliga,
1269 828 1460 871 alsmede
1498 831 1564 872 tot
1587 829 1641 871 de
1679 832 1795 872 twee

152 893 487 948 predikheeren‚
510 895 576 937 die
600 895 705 938 door
727 895 911 939 broeder
928 897 1104 941 Walter·
1127 897 1169 938 in
1193 896 1386 939 dezelfde
1409 898 1616 941 Duitsche
1635 899 1795 942 landen

151 975 240 1015 nog
264 966 458 1005 moesten
503 963 760 1019 aangesteld
792 964 991 1015 worden,
1017 979 1072 1007 en
1116 968 1183 1008 tot
1215 965 1365 1008 hunne
1400 966 1632 1022 opvolgers
1653 967 1698 1010 in
1721 968 1795 1010 dat

151 1029 284 1073 ambt.
321 1031 390 1074 Dit
434 1032 565 1074 derde
587 1032 814 1089 keizerlijk
847 1032 972 1075 bevel
1006 1033 1188 1075 handelt
1222 1046 1328 1076 over
1360 1034 1435 1077 het
1472 1034 1686 1078 uitroeien
1718 1036 1796 1079 der

151 1098 404 1142 kettersche
439 1100 652 1144 schriften
687 1100 732 1143 in
765 1101 816 1144 de
839 1101 1076 1145 volkstaal‘2
1111 1115 1164 1144 en
1199 1115 1304 1145 over
1337 1103 1413 1146 het
1437 1102 1673 1146 benoemen
1709 1117 1794 1147 van

153 1168 399 1211 notarissen
425 1169 530 1210 door
549 1169 601 1212 de
623 1169 907 1225 inquisiteurs
929 1173 995 1214 tot
1019 1170 1261 1226 vollediger
1285 1171 1554 1228 uitoesening
1595 1186 1680 1215 van
1702 1173 1794 1216 hun

151 1234 286 1278 ambt.
334 1238 389 1280 Al
443 1237 496 1279 de
538 1238 776 1281 verdachte
821 1238 988 1281 boeken
1033 1239 1233 1295 (scripta,
1281 1243 1512 1291 tractatus,
1560 1253 1791 1294 sermones,

152 1307 374 1362 quaterni,
411 1304 598 1358 cedulae,
627 1306 806 1361 codices)
830 1313 1002 1351 moeten
1026 1321 1110 1350 aan
1142 1308 1194 1350 de
1217 1308 1502 1363 inquisiteurs
1523 1309 1796 1366 uitgeleverd

153 1387 206 1415 en
242 1374 431 1432 dadelijk
465 1374 713 1431 vernietigd
749 1376 944 1427 worden,
988 1380 1062 1419 ten
1107 1377 1233 1419 einde
1266 1381 1309 1420 te
1342 1376 1559 1429 beletten,
1594 1378 1668 1422 dat
1701 1378 1795 1421 veel

152 1443 389 1485 menschen
428 1444 471 1485 in
516 1443 772 1487 kettersohe
827 1445 1032 1501 dolingen
1080 1445 1246 1488 zouden
1294 1446 1519 1489 vervallen
1566 1447 1701 1504 gelijk
1743 1447 1796 1490 de

149 1514 329 1570 talrijke
352 1514 612 1570 Beggarden
636 1529 688 1558 en
715 1516 924 1572 Begijnen
951 1516 1029 1558 der
1064 1516 1270 1559 Duitsche
1293 1516 1490 1560 landen³.

209 1583 429 1640 Eindelijk
454 1583 691 1639 vaardigde
723 1585 859 1626 Karel
881 1585 959 1636 IV,
988 1585 1086 1627 dien
1119 1585 1288 1627 zelfden
1312 1585 1397 1641 dag
1430 1588 1508 1639 <17
1532 1585 1635 1629 Juni
1664 1585 1795 1642 1369)

151 1654 379 1708 nogmaals
399 1654 463 1696 uit
479 1653 673 1696 dezelfde
696 1655 792 1697 stad
812 1656 965 1706 Lucca,
990 1669 1070 1698 een
1097 1656 1243 1699 vierde
1268 1656 1372 1699 stuk
1396 1656 1476 1708 uit,
1499 1669 1579 1699 een
1601 1656 1795 1712 plechtig

150 1721 379 1779 keizerlijk
418 1720 551 1766 edict⁴²
590 1737 696 1765 over
743 1724 819 1767 het
859 1724 1048 1779 gebruik
1072 1738 1173 1767 >van
1218 1725 1270 1767 de
1313 1724 1795 1768 verbeurdverklaarde

148 1791 364 1846 goederen
398 1791 476 1834 der
507 1792 766 1847 Beggarden
791 1806 844 1835 en
879 1793 1091 1849 Begijnen
1125 1794 1167 1835 in
1203 1794 1254 1836 de
1277 1794 1484 1837 Duitsche
1516 1793 1694 1837 landen.
1728 1793 1797 1837 Na

151 1859 233 1902 den
286 1859 350 1902 lof
397 1860 474 1902 der
521 1860 805 1914 inquisiteurs
857 1875 1081 1918 gezongen
1133 1865 1175 1905 te
1221 1861 1407 1912 hebben,
1445 1862 1513 1904 die
1555 1862 1680 1904 reeds
1714 1875 1794 1904 een

150 1928 350 1983 gedeelte
403 1929 479 1971 der
521 1928 735 1973 besmette
768 1934 993 1985 gewesten
1037 1931 1273 1986 gezuiverd
1318 1928 1524 1984 hebben⁵,
1569 1930 1796 1973 verklaart

150 1997 229 2052 hij,
271 1997 361 2048 dat,
410 1999 652 2053 aangezien
692 1998 745 2041 de
782 1998 1014 2053 Inquisitie
1044 2000 1087 2042 in
1133 2001 1185 2042 de
1232 2000 1436 2043 Duitsche
1479 1999 1640 2042 landen
1680 1998 1795 2042 noch

149 2066 306 2108 huizen
331 2066 441 2108 noch
466 2067 718 2110 versterkte
741 2071 892 2110 torens
911 2067 1041 2119 bezit,
1065 2069 1130 2111 die
1148 2069 1317 2111 zouden
1340 2068 1522 2111 kunnen
1540 2067 1698 2111 dienen
1720 2080 1791 2110 om

148 2133 200 2175 de
219 2134 485 2177 verdachten
508 2142 548 2177 te
566 2135 773 2178 bewaren
792 2150 846 2178 en
858 2135 1163 2192 afgezworene
1181 2138 1352 2181 ketters
1364 2134 1612 2194 tijdelijkof
1625 2135 1794 2178 levens-

193 2361 205 2384 1
233 2357 372 2401 Corpus
388 2358 417 2399 Ι,
441 2358 512 2391 blz.
537 2357 615 2400 214,
642 2364 681 2391 11¹·
702 2358 791 2401 212;
818 2358 1020 2401 Mosheim‚
1046 2360 1115 2392 blz.
1135 2359 1214 2394 368.

193 2412 206 2433 2
230 2413 394 2455 Propter
410 2422 617 2453 sermones,
636 2414 820 2447 tractatus
845 2414 882 2448 et
905 2413 1002 2447 alios
1025 2414 1145 2448 libros
1170 2415 1208 2448 in
1233 2415 1384 2459 vulgari
1401 2415 1576 2457 scriptos,
1594 2414 1696 2448 inter
1711 2423 1796 2457 per-

150 2475 261 2500 sonas
278 2467 405 2509 laycas
422 2468 480 2501 vel
498 2476 595 2509 pene
613 2467 742 2510 laycas
766 2468 969 2510 dispersos,
989 2478 1082 2510 quos
1107 2469 1226 2502 libros
1249 2471 1290 2502 ut
1313 2469 1520 2511 plurimum
1544 2468 1603 2502 vel
1620 2469 1795 2509 viciosos,

150 2530 333 2554 erroneos
361 2531 405 2555 ac
436 2522 545 2564 lepra
572 2522 743 2556 haeresis
775 2524 938 2556 infectos
966 2523 1066 2566 layci
1099 2524 1285 2567 legentes,
1317 2533 1392 2556 non
1421 2532 1554 2557 sanum
1585 2524 1624 2557 et
1655 2524 1795 2557 bonum

150 2576 387 2610 intellectum
404 2578 672 2619 percipientes,
692 2587 761 2619 per
777 2587 817 2610 se
833 2577 918 2620 plus
932 2588 1046 2619 quam
1063 2580 1215 2620 oportet
1232 2579 1402 2613 volentes
1420 2587 1597 2621 sapere...

193 2631 207 2654 3
230 2632 287 2664 Ne
304 2640 372 2673 per
400 2631 500 2665 male
516 2632 714 2666 intellecta
729 2634 967 2666 deducantur
983 2634 1021 2666 in
1040 2633 1229 2667 haeresim
1262 2634 1318 2667 vel
1343 2641 1526 2675 errorem,
1554 2633 1793 2675 quemadmo-

150 2686 238 2718 dum
252 2686 361 2718 multi
393 2686 588 2729 Beghardi
613 2688 652 2720 et
675 2687 874 2730 Beghinae
893 2687 951 2720 his
969 2689 1218 2730 temporibus,
1251 2689 1348 2731 proh
1373 2688 1500 2721 dolor!
1519 2688 1558 2721 in
1581 2696 1732 2721 errores
1756 2689 1794 2722 et

150 2740 329 2773 haereses
353 2742 441 2774 sunt
465 2742 689 2784 perductae.

194 2799 207 2820 4
235 2794 374 2838 Corpus
390 2795 422 2836 Ι,
442 2794 513 2828 blz.
530 2795 609 2837 218,
629 2802 668 2828 nr
684 2795 768 2838 2133
796 2796 996 2836 Mosheim,
1015 2797 1086 2830 blz.
1104 2796 1182 2829 356.

194 2849 207 2871 5
232 2850 287 2882 De
310 2850 514 2891 provinciis
539 2850 863 2894 Magdeburgensi
888 2852 926 2885 et
952 2852 1165 2892 Bremensi,
1191 2852 1305 2884 terris
1329 2851 1578 2894 Thuringiae‚
1605 2850 1792 2885 Saxoniae

152 2905 189 2936 et
212 2904 423 2937 Hassoniae
446 2905 484 2937 et
500 2904 586 2937 aliis
615 2906 730 2938 certis
757 2907 931 2947 partibus
948 2906 1170 2939 Alemaniae
1194 2906 1389 2948 predictae
1417 2908 1542 2939 sectae
1567 2905 1791 2939 maledictae

151 2957 442 2999 Beghardorum
466 2961 504 2992 et
528 2960 789 3003 Bcguinarum
805 2960 956 3003 penitus
974 2962 1062 2995 sunt
1078 2962 1306 3001 destructae,
1326 2961 1426 3003 quod
1443 2961 1583 3002 ubique
1601 2961 1790 2994 terrarum

153 3012 237 3046 fieri
262 3012 495 3047 affectamus.
