<?xml version="1.0" encoding="UTF-8"?>
<!DOCTYPE html PUBLIC "-//W3C//DTD XHTML 1.0 Transitional//EN"
    "http://www.w3.org/TR/xhtml1/DTD/xhtml1-transitional.dtd">
<html xmlns="http://www.w3.org/1999/xhtml" xml:lang="en" lang="en">
 <head>
  <title>
</title>
<meta http-equiv="Content-Type" content="text/html;charset=utf-8" />
  <meta name='ocr-system' content='tesseract 3.04.00' />
  <meta name='ocr-capabilities' content='ocr_page ocr_carea ocr_par ocr_line ocrx_word'/>
</head>
<body>
  <div class='ocr_page' id='page_1' title='image "./inquisitiohaeret02fruoft/inquisitiohaeret02fruoft_0195.png"; bbox 0 0 1976 3134; ppageno 0'>
   <div class='ocr_carea' id='block_1_1' title="bbox 446 976 1372 1045">
    <p class='ocr_par' dir='ltr' id='par_1_1' title="bbox 446 976 1372 1045">
     <span class='ocr_line' id='line_1_1' title="bbox 446 976 1372 1045; baseline -0.002 0"><span class='ocrx_word' id='word_1_1' title='bbox 446 978 743 1045; x_wconf 88' lang='lat' dir='ltr'><strong>ELFDE</strong></span> <span class='ocrx_word' id='word_1_2' title='bbox 815 976 1372 1044; x_wconf 90' lang='lat' dir='ltr'>HOOFDSTUK</span> 
     </span>
    </p>
   </div>
   <div class='ocr_carea' id='block_1_2' title="bbox 239 1153 1569 1256">
    <p class='ocr_par' dir='ltr' id='par_1_2' title="bbox 239 1153 1569 1256">
     <span class='ocr_line' id='line_1_2' title="bbox 239 1153 1569 1198; baseline -0.004 -7"><span class='ocrx_word' id='word_1_3' title='bbox 239 1157 312 1191; x_wconf 80' lang='lat' dir='ltr'>DE</span> <span class='ocrx_word' id='word_1_4' title='bbox 350 1156 658 1198; x_wconf 71' lang='lat' dir='ltr'><strong>INQUISITIE</strong></span> <span class='ocrx_word' id='word_1_5' title='bbox 694 1156 770 1189; x_wconf 76' lang='lat' dir='ltr'>EN</span> <span class='ocrx_word' id='word_1_6' title='bbox 808 1155 881 1188; x_wconf 78' lang='lat' dir='ltr'>DE</span> <span class='ocrx_word' id='word_1_7' title='bbox 920 1153 1335 1188; x_wconf 74' lang='lat' dir='ltr'><strong>WERELDLIJKE</strong></span> <span class='ocrx_word' id='word_1_8' title='bbox 1373 1153 1569 1187; x_wconf 79' lang='lat' dir='ltr'>MACHT</span> 
     </span>
     <span class='ocr_line' id='line_1_3' title="bbox 560 1219 1252 1256; baseline -0.003 -1"><span class='ocrx_word' id='word_1_9' title='bbox 560 1221 793 1256; x_wconf 70' lang='lat' dir='ltr'><strong>TIJDENS</strong></span> <span class='ocrx_word' id='word_1_10' title='bbox 831 1221 904 1254; x_wconf 77' lang='lat' dir='ltr'>DE</span> <span class='ocrx_word' id='word_1_11' title='bbox 951 1220 1040 1254; x_wconf 68' lang='lat'>14⁶0</span> <span class='ocrx_word' id='word_1_12' title='bbox 1080 1219 1252 1254; x_wconf 74' lang='lat' dir='ltr'>EEUW</span> 
     </span>
    </p>
   </div>
   <div class='ocr_carea' id='block_1_3' title="bbox 79 1530 1729 2823">
    <p class='ocr_par' dir='ltr' id='par_1_3' title="bbox 79 1530 1729 2823">
     <span class='ocr_line' id='line_1_4' title="bbox 142 1530 1728 1589; baseline 0.001 -14"><span class='ocrx_word' id='word_1_13' title='bbox 142 1533 194 1575; x_wconf 92' lang='lat' dir='ltr'>In</span> <span class='ocrx_word' id='word_1_14' title='bbox 224 1533 299 1576; x_wconf 88' lang='lat' dir='ltr'>het</span> <span class='ocrx_word' id='word_1_15' title='bbox 332 1535 476 1576; x_wconf 75' lang='lat' dir='ltr'>eet-ste</span> <span class='ocrx_word' id='word_1_16' title='bbox 509 1533 604 1575; x_wconf 92' lang='lat' dir='ltr'>deel</span> <span class='ocrx_word' id='word_1_17' title='bbox 638 1546 722 1576; x_wconf 89' lang='lat' dir='ltr'>van</span> <span class='ocrx_word' id='word_1_18' title='bbox 753 1532 815 1575; x_wconf 88' lang='lat' dir='ltr'>dit</span> <span class='ocrx_word' id='word_1_19' title='bbox 849 1531 1004 1575; x_wconf 81' lang='lat' dir='ltr'>werk¹</span> <span class='ocrx_word' id='word_1_20' title='bbox 1040 1530 1209 1574; x_wconf 84' lang='lat' dir='ltr'>hebben</span> <span class='ocrx_word' id='word_1_21' title='bbox 1246 1532 1317 1589; x_wconf 86' lang='lat' dir='ltr'>wij</span> <span class='ocrx_word' id='word_1_22' title='bbox 1353 1532 1523 1588; x_wconf 88' lang='lat' dir='ltr'>gezien,</span> <span class='ocrx_word' id='word_1_23' title='bbox 1560 1533 1645 1576; x_wconf 91' lang='lat' dir='ltr'>hoe</span> <span class='ocrx_word' id='word_1_24' title='bbox 1675 1533 1728 1576; x_wconf 90' lang='lat' dir='ltr'>de</span> 
     </span>
     <span class='ocr_line' id='line_1_5' title="bbox 82 1600 1729 1658; baseline 0 -14"><span class='ocrx_word' id='word_1_25' title='bbox 82 1600 222 1653; x_wconf 86' lang='lat' dir='ltr'>Kerk,</span> <span class='ocrx_word' id='word_1_26' title='bbox 258 1601 421 1658; x_wconf 85' lang='lat' dir='ltr'>tijdens</span> <span class='ocrx_word' id='word_1_27' title='bbox 453 1602 505 1644; x_wconf 93' lang='lat' dir='ltr'>de</span> <span class='ocrx_word' id='word_1_28' title='bbox 542 1602 633 1644; x_wconf 73' lang='lat' dir='ltr'>lld⁰</span> <span class='ocrx_word' id='word_1_29' title='bbox 665 1615 805 1652; x_wconf 90' lang='lat' dir='ltr'>eeuw,</span> <span class='ocrx_word' id='word_1_30' title='bbox 843 1601 1007 1644; x_wconf 86' lang='lat' dir='ltr'>slechts</span> <span class='ocrx_word' id='word_1_31' title='bbox 1040 1601 1147 1642; x_wconf 81' lang='lat' dir='ltr'>door</span> <span class='ocrx_word' id='word_1_32' title='bbox 1179 1600 1508 1657; x_wconf 82' lang='lat' dir='ltr'>raadgevingen</span> <span class='ocrx_word' id='word_1_33' title='bbox 1546 1601 1595 1644; x_wconf 88' lang='lat' dir='ltr'>of</span> <span class='ocrx_word' id='word_1_34' title='bbox 1621 1602 1729 1644; x_wconf 84' lang='lat' dir='ltr'>door</span> 
     </span>
     <span class='ocr_line' id='line_1_6' title="bbox 82 1669 1724 1726; baseline -0.001 -13"><span class='ocrx_word' id='word_1_35' title='bbox 82 1669 292 1726; x_wconf 88' lang='lat' dir='ltr'>gesmeek</span> <span class='ocrx_word' id='word_1_36' title='bbox 311 1670 364 1712; x_wconf 87' lang='lat' dir='ltr'>de</span> <span class='ocrx_word' id='word_1_37' title='bbox 381 1675 557 1712; x_wconf 89' lang='lat' dir='ltr'>vorsten</span> <span class='ocrx_word' id='word_1_38' title='bbox 579 1683 632 1712; x_wconf 88' lang='lat' dir='ltr'>en</span> <span class='ocrx_word' id='word_1_39' title='bbox 651 1669 914 1726; x_wconf 78' lang='lat' dir='ltr'>regeerders</span> <span class='ocrx_word' id='word_1_40' title='bbox 931 1672 996 1712; x_wconf 88' lang='lat' dir='ltr'>tot</span> <span class='ocrx_word' id='word_1_41' title='bbox 1019 1669 1377 1725; x_wconf 81' lang='lat' dir='ltr'>samenwerking</span> <span class='ocrx_word' id='word_1_42' title='bbox 1395 1672 1485 1712; x_wconf 83' lang='lat' dir='ltr'>met</span> <span class='ocrx_word' id='word_1_43' title='bbox 1507 1669 1560 1712; x_wconf 92' lang='lat' dir='ltr'>de</span> <span class='ocrx_word' id='word_1_44' title='bbox 1577 1670 1724 1725; x_wconf 91' lang='lat' dir='ltr'>Inqui-</span> 
     </span>
     <span class='ocr_line' id='line_1_7' title="bbox 83 1735 1725 1796; baseline -0.001 -15"><span class='ocrx_word' id='word_1_45' title='bbox 83 1738 181 1782; x_wconf 80' lang='lat' dir='ltr'>sitie</span> <span class='ocrx_word' id='word_1_46' title='bbox 203 1738 503 1794; x_wconf 83' lang='lat' dir='ltr'>uitnoodigde,</span> <span class='ocrx_word' id='word_1_47' title='bbox 531 1753 585 1782; x_wconf 90' lang='lat' dir='ltr'>en</span> <span class='ocrx_word' id='word_1_48' title='bbox 605 1738 688 1781; x_wconf 90' lang='lat' dir='ltr'>hoe</span> <span class='ocrx_word' id='word_1_49' title='bbox 711 1739 764 1796; x_wconf 88' lang='lat' dir='ltr'>zij</span> <span class='ocrx_word' id='word_1_50' title='bbox 792 1739 959 1781; x_wconf 78' lang='lat' dir='ltr'>weldra</span> <span class='ocrx_word' id='word_1_51' title='bbox 981 1752 1034 1793; x_wconf 91' lang='lat' dir='ltr'>op</span> <span class='ocrx_word' id='word_1_52' title='bbox 1057 1738 1110 1780; x_wconf 89' lang='lat' dir='ltr'>de</span> <span class='ocrx_word' id='word_1_53' title='bbox 1144 1738 1357 1780; x_wconf 72' lang='lat' dir='ltr'>concilien</span> <span class='ocrx_word' id='word_1_54' title='bbox 1382 1737 1459 1780; x_wconf 84' lang='lat' dir='ltr'>der</span> <span class='ocrx_word' id='word_1_55' title='bbox 1486 1735 1578 1781; x_wconf 70' lang='lat'>12⁶0</span> <span class='ocrx_word' id='word_1_56' title='bbox 1600 1751 1725 1782; x_wconf 89' lang='lat' dir='ltr'>eeuw</span> 
     </span>
     <span class='ocr_line' id='line_1_8' title="bbox 82 1805 1727 1867; baseline -0.002 -16"><span class='ocrx_word' id='word_1_57' title='bbox 82 1808 151 1851; x_wconf 88' lang='lat' dir='ltr'>die</span> <span class='ocrx_word' id='word_1_58' title='bbox 168 1808 528 1864; x_wconf 79' lang='lat' dir='ltr'>samenwerkiug</span> <span class='ocrx_word' id='word_1_59' title='bbox 549 1808 614 1850; x_wconf 87' lang='lat' dir='ltr'>als</span> <span class='ocrx_word' id='word_1_60' title='bbox 637 1807 941 1867; x_wconf 84' lang='lat' dir='ltr'>verplichtend</span> <span class='ocrx_word' id='word_1_61' title='bbox 962 1806 1136 1861; x_wconf 86' lang='lat' dir='ltr'>uitriep,</span> <span class='ocrx_word' id='word_1_62' title='bbox 1164 1805 1305 1848; x_wconf 83' lang='lat' dir='ltr'>totdat</span> <span class='ocrx_word' id='word_1_63' title='bbox 1328 1805 1404 1848; x_wconf 81' lang='lat' dir='ltr'>het</span> <span class='ocrx_word' id='word_1_64' title='bbox 1422 1805 1570 1848; x_wconf 80' lang='lat' dir='ltr'>vierde</span> <span class='ocrx_word' id='word_1_65' title='bbox 1594 1806 1727 1862; x_wconf 86' lang='lat' dir='ltr'>Alge-</span> 
     </span>
     <span class='ocr_line' id='line_1_9' title="bbox 84 1874 1727 1930; baseline -0.001 -11"><span class='ocrx_word' id='word_1_66' title='bbox 84 1890 208 1919; x_wconf 87' lang='lat' dir='ltr'>meen</span> <span class='ocrx_word' id='word_1_67' title='bbox 230 1876 420 1921; x_wconf 83' lang='lat' dir='ltr'>Concilie</span> <span class='ocrx_word' id='word_1_68' title='bbox 445 1890 528 1919; x_wconf 83' lang='lat' dir='ltr'>van</span> <span class='ocrx_word' id='word_1_69' title='bbox 555 1877 788 1927; x_wconf 80' lang='lat' dir='ltr'>Lateraan,</span> <span class='ocrx_word' id='word_1_70' title='bbox 825 1876 868 1918; x_wconf 90' lang='lat' dir='ltr'>in</span> <span class='ocrx_word' id='word_1_71' title='bbox 896 1875 1011 1918; x_wconf 78' lang='lat'>1215</span> <span class='ocrx_word' id='word_1_72' title='bbox 1039 1874 1146 1917; x_wconf 86' lang='lat' dir='ltr'>door</span> <span class='ocrx_word' id='word_1_73' title='bbox 1169 1874 1447 1918; x_wconf 87' lang='lat' dir='ltr'><strong>Innocentius</strong></span> <span class='ocrx_word' id='word_1_74' title='bbox 1471 1875 1532 1917; x_wconf 95' lang='lat' dir='ltr'>III</span> <span class='ocrx_word' id='word_1_75' title='bbox 1561 1875 1727 1930; x_wconf 85' lang='lat' dir='ltr'>gehon-</span> 
     </span>
     <span class='ocr_line' id='line_1_10' title="bbox 82 1941 1724 1998; baseline -0.001 -11"><span class='ocrx_word' id='word_1_76' title='bbox 82 1944 183 1997; x_wconf 89' lang='lat' dir='ltr'>den,</span> <span class='ocrx_word' id='word_1_77' title='bbox 226 1945 268 1988; x_wconf 91' lang='lat' dir='ltr'>in</span> <span class='ocrx_word' id='word_1_78' title='bbox 306 1945 383 1988; x_wconf 84' lang='lat' dir='ltr'>het</span> <span class='ocrx_word' id='word_1_79' title='bbox 421 1944 656 1988; x_wconf 85' lang='lat' dir='ltr'><strong>hoofdstuk</strong></span> <span class='ocrx_word' id='word_1_80' title='bbox 690 1943 756 1986; x_wconf 84' lang='lat' dir='ltr'>De</span> <span class='ocrx_word' id='word_1_81' title='bbox 794 1943 1044 1993; x_wconf 69' lang='lat' dir='ltr'><em>haereticis,</em></span> <span class='ocrx_word' id='word_1_82' title='bbox 1081 1943 1166 1985; x_wconf 83' lang='lat' dir='ltr'>alle</span> <span class='ocrx_word' id='word_1_83' title='bbox 1211 1955 1423 1998; x_wconf 82' lang='lat' dir='ltr'>vroegere</span> <span class='ocrx_word' id='word_1_84' title='bbox 1461 1941 1724 1998; x_wconf 87' lang='lat' dir='ltr'>bepalingen</span> 
     </span>
     <span class='ocr_line' id='line_1_11' title="bbox 81 2010 1726 2069; baseline -0.002 -13"><span class='ocrx_word' id='word_1_85' title='bbox 81 2013 445 2069; x_wconf 84' lang='lat' dir='ltr'>dienaangaande</span> <span class='ocrx_word' id='word_1_86' title='bbox 477 2017 750 2056; x_wconf 85' lang='lat' dir='ltr'>samenvatte</span> <span class='ocrx_word' id='word_1_87' title='bbox 780 2025 833 2055; x_wconf 87' lang='lat' dir='ltr'>en</span> <span class='ocrx_word' id='word_1_88' title='bbox 862 2012 1167 2066; x_wconf 76' lang='lat' dir='ltr'>verscherpte,</span> <span class='ocrx_word' id='word_1_89' title='bbox 1205 2010 1361 2053; x_wconf 85' lang='lat' dir='ltr'>zoodat</span> <span class='ocrx_word' id='word_1_90' title='bbox 1390 2010 1442 2053; x_wconf 90' lang='lat' dir='ltr'>de</span> <span class='ocrx_word' id='word_1_91' title='bbox 1474 2011 1726 2064; x_wconf 83' lang='lat' dir='ltr'>onderwer-</span> 
     </span>
     <span class='ocr_line' id='line_1_12' title="bbox 83 2079 1726 2138; baseline -0.002 -13"><span class='ocrx_word' id='word_1_92' title='bbox 83 2082 187 2137; x_wconf 87' lang='lat' dir='ltr'><strong>ping</strong></span> <span class='ocrx_word' id='word_1_93' title='bbox 203 2081 281 2125; x_wconf 81' lang='lat' dir='ltr'>der</span> <span class='ocrx_word' id='word_1_94' title='bbox 298 2081 574 2138; x_wconf 86' lang='lat' dir='ltr'>wereldlijke</span> <span class='ocrx_word' id='word_1_95' title='bbox 594 2082 739 2124; x_wconf 85' lang='lat' dir='ltr'>macht</span> <span class='ocrx_word' id='word_1_96' title='bbox 758 2095 839 2123; x_wconf 87' lang='lat' dir='ltr'>aan</span> <span class='ocrx_word' id='word_1_97' title='bbox 860 2080 911 2123; x_wconf 88' lang='lat' dir='ltr'>de</span> <span class='ocrx_word' id='word_1_98' title='bbox 930 2080 1156 2135; x_wconf 82' lang='lat' dir='ltr'>Inquisitie</span> <span class='ocrx_word' id='word_1_99' title='bbox 1176 2079 1601 2136; x_wconf 79' lang='lat' dir='ltr'>onwederroepelijk</span> <span class='ocrx_word' id='word_1_100' title='bbox 1620 2079 1726 2122; x_wconf 85' lang='lat' dir='ltr'>door</span> 
     </span>
     <span class='ocr_line' id='line_1_13' title="bbox 81 2146 1725 2206; baseline -0.001 -14"><span class='ocrx_word' id='word_1_101' title='bbox 81 2150 134 2193; x_wconf 92' lang='lat' dir='ltr'>de</span> <span class='ocrx_word' id='word_1_102' title='bbox 166 2151 289 2194; x_wconf 86' lang='lat' dir='ltr'>Kerk</span> <span class='ocrx_word' id='word_1_103' title='bbox 321 2151 705 2206; x_wconf 80' lang='lat' dir='ltr'>voorgeschreven</span> <span class='ocrx_word' id='word_1_104' title='bbox 728 2150 850 2193; x_wconf 80' lang='lat' dir='ltr'>werd</span> <span class='ocrx_word' id='word_1_105' title='bbox 885 2163 938 2192; x_wconf 88' lang='lat' dir='ltr'>en</span> <span class='ocrx_word' id='word_1_106' title='bbox 972 2154 1061 2191; x_wconf 80' lang='lat' dir='ltr'>met</span> <span class='ocrx_word' id='word_1_107' title='bbox 1090 2148 1142 2191; x_wconf 90' lang='lat' dir='ltr'>de</span> <span class='ocrx_word' id='word_1_108' title='bbox 1171 2147 1627 2191; x_wconf 80' lang='lat' dir='ltr'>indrukwekkendste</span> <span class='ocrx_word' id='word_1_109' title='bbox 1649 2146 1725 2190; x_wconf 90' lang='lat' dir='ltr'>be-</span> 
     </span>
     <span class='ocr_line' id='line_1_14' title="bbox 80 2213 1727 2275; baseline -0.002 -13"><span class='ocrx_word' id='word_1_110' title='bbox 80 2218 343 2275; x_wconf 77' lang='lat' dir='ltr'>dreigingen</span> <span class='ocrx_word' id='word_1_111' title='bbox 367 2222 499 2275; x_wconf 86' lang='lat' dir='ltr'>tegen</span> <span class='ocrx_word' id='word_1_112' title='bbox 517 2219 570 2262; x_wconf 87' lang='lat' dir='ltr'>de</span> <span class='ocrx_word' id='word_1_113' title='bbox 588 2218 953 2274; x_wconf 82' lang='lat' dir='ltr'>wederspannige</span> <span class='ocrx_word' id='word_1_114' title='bbox 974 2221 1152 2260; x_wconf 82' lang='lat' dir='ltr'>vorsten</span> <span class='ocrx_word' id='word_1_115' title='bbox 1171 2216 1361 2271; x_wconf 82' lang='lat' dir='ltr'>gepaard</span> <span class='ocrx_word' id='word_1_116' title='bbox 1381 2216 1503 2272; x_wconf 84' lang='lat' dir='ltr'><strong>ging.</strong></span> <span class='ocrx_word' id='word_1_117' title='bbox 1531 2217 1691 2259; x_wconf 86' lang='lat' dir='ltr'><strong>Aldaar</strong></span> <span class='ocrx_word' id='word_1_118' title='bbox 1709 2213 1727 2237; x_wconf 83' lang='lat'>²</span> 
     </span>
     <span class='ocr_line' id='line_1_15' title="bbox 79 2284 1725 2344; baseline -0.002 -14"><span class='ocrx_word' id='word_1_119' title='bbox 79 2286 249 2331; x_wconf 86' lang='lat' dir='ltr'>hebben</span> <span class='ocrx_word' id='word_1_120' title='bbox 275 2288 347 2344; x_wconf 88' lang='lat' dir='ltr'>wij</span> <span class='ocrx_word' id='word_1_121' title='bbox 375 2287 458 2330; x_wconf 89' lang='lat' dir='ltr'>ook</span> <span class='ocrx_word' id='word_1_122' title='bbox 488 2287 658 2344; x_wconf 85' lang='lat' dir='ltr'>gezien,</span> <span class='ocrx_word' id='word_1_123' title='bbox 686 2288 784 2337; x_wconf 83' lang='lat' dir='ltr'>hoe,</span> <span class='ocrx_word' id='word_1_124' title='bbox 821 2287 958 2329; x_wconf 79' lang='lat' dir='ltr'>onder</span> <span class='ocrx_word' id='word_1_125' title='bbox 986 2287 1072 2328; x_wconf 88' lang='lat' dir='ltr'>den</span> <span class='ocrx_word' id='word_1_126' title='bbox 1105 2285 1524 2329; x_wconf 83' lang='lat' dir='ltr'>rechtstreekschen</span> <span class='ocrx_word' id='word_1_127' title='bbox 1548 2284 1725 2327; x_wconf 86' lang='lat' dir='ltr'>invloed</span> 
     </span>
     <span class='ocr_line' id='line_1_16' title="bbox 79 2353 1725 2411; baseline -0.002 -13"><span class='ocrx_word' id='word_1_128' title='bbox 79 2356 158 2399; x_wconf 82' lang='lat' dir='ltr'>der</span> <span class='ocrx_word' id='word_1_129' title='bbox 180 2369 361 2411; x_wconf 86' lang='lat' dir='ltr'>pausen,</span> <span class='ocrx_word' id='word_1_130' title='bbox 388 2356 536 2399; x_wconf 85' lang='lat' dir='ltr'>keizer</span> <span class='ocrx_word' id='word_1_131' title='bbox 558 2356 770 2399; x_wconf 81' lang='lat' dir='ltr'>Frederik</span> <span class='ocrx_word' id='word_1_132' title='bbox 789 2356 830 2398; x_wconf 93' lang='lat' dir='ltr'>II</span> <span class='ocrx_word' id='word_1_133' title='bbox 853 2370 905 2398; x_wconf 87' lang='lat' dir='ltr'>en</span> <span class='ocrx_word' id='word_1_134' title='bbox 929 2356 982 2398; x_wconf 89' lang='lat' dir='ltr'>de</span> <span class='ocrx_word' id='word_1_135' title='bbox 1001 2354 1226 2398; x_wconf 80' lang='lat' dir='ltr'>Fransche</span> <span class='ocrx_word' id='word_1_136' title='bbox 1248 2353 1472 2408; x_wconf 82' lang='lat' dir='ltr'>koningen</span> <span class='ocrx_word' id='word_1_137' title='bbox 1498 2353 1725 2409; x_wconf 89' lang='lat' dir='ltr'>Lodewijk</span> 
     </span>
     <span class='ocr_line' id='line_1_17' title="bbox 80 2420 1724 2480; baseline -0.003 -13"><span class='ocrx_word' id='word_1_138' title='bbox 80 2425 133 2467; x_wconf 87' lang='lat' dir='ltr'>de</span> <span class='ocrx_word' id='word_1_139' title='bbox 162 2423 333 2480; x_wconf 86' lang='lat' dir='ltr'>Heilige</span> <span class='ocrx_word' id='word_1_140' title='bbox 366 2438 422 2467; x_wconf 91' lang='lat' dir='ltr'>en</span> <span class='ocrx_word' id='word_1_141' title='bbox 454 2425 622 2480; x_wconf 86' lang='lat' dir='ltr'>Philips</span> <span class='ocrx_word' id='word_1_142' title='bbox 645 2425 707 2467; x_wconf 91' lang='lat' dir='ltr'>IV</span> <span class='ocrx_word' id='word_1_143' title='bbox 742 2424 794 2467; x_wconf 93' lang='lat' dir='ltr'>de</span> <span class='ocrx_word' id='word_1_144' title='bbox 826 2424 1023 2468; x_wconf 85' lang='lat' dir='ltr'>Schoone</span> <span class='ocrx_word' id='word_1_145' title='bbox 1046 2423 1090 2465; x_wconf 88' lang='lat' dir='ltr'>in</span> <span class='ocrx_word' id='word_1_146' title='bbox 1124 2423 1206 2466; x_wconf 88' lang='lat' dir='ltr'>den</span> <span class='ocrx_word' id='word_1_147' title='bbox 1233 2423 1330 2477; x_wconf 85' lang='lat' dir='ltr'>loop</span> <span class='ocrx_word' id='word_1_148' title='bbox 1364 2422 1442 2465; x_wconf 84' lang='lat' dir='ltr'>der</span> <span class='ocrx_word' id='word_1_149' title='bbox 1479 2420 1567 2466; x_wconf 81' lang='lat' dir='ltr'>13de</span> <span class='ocrx_word' id='word_1_150' title='bbox 1599 2434 1724 2464; x_wconf 87' lang='lat' dir='ltr'>eeuw</span> 
     </span>
     <span class='ocr_line' id='line_1_18' title="bbox 80 2490 1725 2550; baseline -0.002 -15"><span class='ocrx_word' id='word_1_151' title='bbox 80 2506 188 2536; x_wconf 88' lang='lat' dir='ltr'>eene</span> <span class='ocrx_word' id='word_1_152' title='bbox 212 2492 489 2550; x_wconf 85' lang='lat' dir='ltr'>wereldlijke</span> <span class='ocrx_word' id='word_1_153' title='bbox 511 2494 767 2549; x_wconf 82' lang='lat' dir='ltr'>wetgeving</span> <span class='ocrx_word' id='word_1_154' title='bbox 790 2507 897 2536; x_wconf 85' lang='lat' dir='ltr'>voor</span> <span class='ocrx_word' id='word_1_155' title='bbox 930 2492 1004 2535; x_wconf 85' lang='lat' dir='ltr'>het</span> <span class='ocrx_word' id='word_1_156' title='bbox 1028 2491 1272 2536; x_wconf 77' lang='lat' dir='ltr'>Roomsche</span> <span class='ocrx_word' id='word_1_157' title='bbox 1297 2490 1399 2547; x_wconf 77' lang='lat' dir='ltr'>Rijk</span> <span class='ocrx_word' id='word_1_158' title='bbox 1432 2504 1485 2532; x_wconf 87' lang='lat' dir='ltr'>en</span> <span class='ocrx_word' id='word_1_159' title='bbox 1511 2503 1618 2532; x_wconf 86' lang='lat' dir='ltr'>voor</span> <span class='ocrx_word' id='word_1_160' title='bbox 1646 2490 1725 2532; x_wconf 82' lang='lat' dir='ltr'>het</span> 
     </span>
     <span class='ocr_line' id='line_1_19' title="bbox 81 2556 1726 2617; baseline -0.002 -15"><span class='ocrx_word' id='word_1_161' title='bbox 81 2559 341 2615; x_wconf 83' lang='lat' dir='ltr'><strong>koninkrijk</strong></span> <span class='ocrx_word' id='word_1_162' title='bbox 375 2560 615 2617; x_wconf 82' lang='lat' dir='ltr'>Frankrijk</span> <span class='ocrx_word' id='word_1_163' title='bbox 648 2564 780 2616; x_wconf 87' lang='lat' dir='ltr'>tegen</span> <span class='ocrx_word' id='word_1_164' title='bbox 815 2561 868 2604; x_wconf 88' lang='lat' dir='ltr'>de</span> <span class='ocrx_word' id='word_1_165' title='bbox 906 2561 1077 2604; x_wconf 81' lang='lat' dir='ltr'>ketters</span> <span class='ocrx_word' id='word_1_166' title='bbox 1115 2573 1167 2616; x_wconf 93' lang='lat' dir='ltr'>op</span> <span class='ocrx_word' id='word_1_167' title='bbox 1206 2560 1257 2602; x_wconf 87' lang='lat' dir='ltr'>de</span> <span class='ocrx_word' id='word_1_168' title='bbox 1299 2558 1422 2602; x_wconf 89' lang='lat' dir='ltr'>beide</span> <span class='ocrx_word' id='word_1_169' title='bbox 1461 2571 1614 2601; x_wconf 82' lang='lat' dir='ltr'>oevers</span> <span class='ocrx_word' id='word_1_170' title='bbox 1647 2556 1726 2599; x_wconf 83' lang='lat' dir='ltr'>der</span> 
     </span>
     <span class='ocr_line' id='line_1_20' title="bbox 79 2626 1725 2687; baseline -0.003 -16"><span class='ocrx_word' id='word_1_171' title='bbox 79 2627 264 2671; x_wconf 88' lang='lat' dir='ltr'>Schelde</span> <span class='ocrx_word' id='word_1_172' title='bbox 287 2627 600 2685; x_wconf 86' lang='lat' dir='ltr'>afkondigden,</span> <span class='ocrx_word' id='word_1_173' title='bbox 629 2631 772 2673; x_wconf 87' lang='lat' dir='ltr'>welke</span> <span class='ocrx_word' id='word_1_174' title='bbox 795 2632 1048 2687; x_wconf 84' lang='lat' dir='ltr'>wetgeving</span> <span class='ocrx_word' id='word_1_175' title='bbox 1072 2629 1251 2672; x_wconf 86' lang='lat' dir='ltr'>meestal</span> <span class='ocrx_word' id='word_1_176' title='bbox 1276 2628 1422 2671; x_wconf 81' lang='lat' dir='ltr'>schier</span> <span class='ocrx_word' id='word_1_177' title='bbox 1443 2626 1594 2670; x_wconf 86' lang='lat' dir='ltr'>woord</span> <span class='ocrx_word' id='word_1_178' title='bbox 1618 2637 1725 2667; x_wconf 85' lang='lat' dir='ltr'>voor</span> 
     </span>
     <span class='ocr_line' id='line_1_21' title="bbox 80 2690 1723 2753; baseline 0 -15"><span class='ocrx_word' id='word_1_179' title='bbox 80 2696 232 2739; x_wconf 82' lang='lat' dir='ltr'>woord</span> <span class='ocrx_word' id='word_1_180' title='bbox 257 2697 320 2740; x_wconf 83' lang='lat' dir='ltr'>uit</span> <span class='ocrx_word' id='word_1_181' title='bbox 342 2697 396 2739; x_wconf 89' lang='lat' dir='ltr'>de</span> <span class='ocrx_word' id='word_1_182' title='bbox 428 2709 607 2742; x_wconf 76' lang='lat' dir='ltr'>canones</span> <span class='ocrx_word' id='word_1_183' title='bbox 627 2698 706 2742; x_wconf 84' lang='lat' dir='ltr'>der</span> <span class='ocrx_word' id='word_1_184' title='bbox 728 2699 942 2743; x_wconf 77' lang='lat' dir='ltr'>concilie&#39;n</span> <span class='ocrx_word' id='word_1_185' title='bbox 965 2699 1011 2742; x_wconf 88' lang='lat' dir='ltr'>of</span> <span class='ocrx_word' id='word_1_186' title='bbox 1032 2699 1094 2742; x_wconf 86' lang='lat' dir='ltr'>uit</span> <span class='ocrx_word' id='word_1_187' title='bbox 1116 2699 1168 2741; x_wconf 84' lang='lat' dir='ltr'>de</span> <span class='ocrx_word' id='word_1_188' title='bbox 1195 2690 1440 2753; x_wconf 84' lang='lat' dir='ltr'>pauselijke</span> <span class='ocrx_word' id='word_1_189' title='bbox 1462 2695 1612 2740; x_wconf 88' lang='lat' dir='ltr'>bullen</span> <span class='ocrx_word' id='word_1_190' title='bbox 1637 2708 1723 2738; x_wconf 89' lang='lat' dir='ltr'>van</span> 
     </span>
     <span class='ocr_line' id='line_1_22' title="bbox 80 2763 1726 2823; baseline 0 -15"><span class='ocrx_word' id='word_1_191' title='bbox 80 2765 163 2808; x_wconf 84' lang='lat' dir='ltr'>den</span> <span class='ocrx_word' id='word_1_192' title='bbox 193 2765 275 2822; x_wconf 85' lang='lat' dir='ltr'><strong>tijd</strong></span> <span class='ocrx_word' id='word_1_193' title='bbox 309 2779 403 2808; x_wconf 87' lang='lat' dir='ltr'>was</span> <span class='ocrx_word' id='word_1_194' title='bbox 435 2767 837 2823; x_wconf 85' lang='lat' dir='ltr'>overgeschreven.</span> <span class='ocrx_word' id='word_1_195' title='bbox 873 2769 933 2811; x_wconf 87' lang='lat' dir='ltr'>De</span> <span class='ocrx_word' id='word_1_196' title='bbox 965 2768 1136 2811; x_wconf 83' lang='lat' dir='ltr'>edicten</span> <span class='ocrx_word' id='word_1_197' title='bbox 1161 2780 1245 2809; x_wconf 85' lang='lat' dir='ltr'>van</span> <span class='ocrx_word' id='word_1_198' title='bbox 1278 2766 1427 2809; x_wconf 84' lang='lat' dir='ltr'>keizer</span> <span class='ocrx_word' id='word_1_199' title='bbox 1448 2763 1662 2808; x_wconf 84' lang='lat' dir='ltr'>Frederik</span> <span class='ocrx_word' id='word_1_200' title='bbox 1684 2765 1726 2808; x_wconf 93' lang='lat' dir='ltr'>II</span> 
     </span>
    </p>
   </div>
   <div class='ocr_carea' id='block_1_4' title="bbox 85 2878 406 2885">
    <p class='ocr_par' dir='ltr' id='par_1_4' title="bbox 85 2878 406 2885">
     <span class='ocr_line' id='line_1_23' title="bbox 85 2878 406 2885; baseline 0 249"><span class='ocrx_word' id='word_1_201' title='bbox 85 2878 406 2885; x_wconf 95' lang='lat' dir='ltr'> </span> 
     </span>
    </p>
   </div>
   <div class='ocr_carea' id='block_1_5' title="bbox 80 2931 1725 3134">
    <p class='ocr_par' dir='ltr' id='par_1_5' title="bbox 80 2931 1725 3032">
     <span class='ocr_line' id='line_1_24' title="bbox 124 2931 1725 2976; baseline 0.002 -12"><span class='ocrx_word' id='word_1_202' title='bbox 124 2931 135 2954; x_wconf 90' lang='lat'>¹</span> <span class='ocrx_word' id='word_1_203' title='bbox 163 2931 254 2964; x_wconf 86' lang='lat' dir='ltr'>Deel</span> <span class='ocrx_word' id='word_1_204' title='bbox 273 2931 289 2965; x_wconf 96' lang='lat' dir='ltr'>I</span> <span class='ocrx_word' id='word_1_205' title='bbox 305 2931 551 2973; x_wconf 85' lang='lat' dir='ltr'>(verschenen</span> <span class='ocrx_word' id='word_1_206' title='bbox 569 2933 608 2965; x_wconf 87' lang='lat' dir='ltr'>in</span> <span class='ocrx_word' id='word_1_207' title='bbox 635 2933 746 2975; x_wconf 79' lang='lat'>1892),</span> <span class='ocrx_word' id='word_1_208' title='bbox 764 2934 936 2968; x_wconf 86' lang='lat' dir='ltr'>Zevende</span> <span class='ocrx_word' id='word_1_209' title='bbox 954 2934 1170 2968; x_wconf 81' lang='lat' dir='ltr'>Hoofdstuk</span> <span class='ocrx_word' id='word_1_210' title='bbox 1185 2943 1192 2965; x_wconf 92' lang='lat'><strong>:</strong></span> <span class='ocrx_word' id='word_1_211' title='bbox 1213 2933 1418 2976; x_wconf 86' lang='lat' dir='ltr'>Drukking</span> <span class='ocrx_word' id='word_1_212' title='bbox 1434 2934 1529 2966; x_wconf 87' lang='lat' dir='ltr'>door</span> <span class='ocrx_word' id='word_1_213' title='bbox 1545 2933 1592 2967; x_wconf 83' lang='lat' dir='ltr'>de</span> <span class='ocrx_word' id='word_1_214' title='bbox 1617 2933 1725 2967; x_wconf 86' lang='lat' dir='ltr'>Kerk</span> 
     </span>
     <span class='ocr_line' id='line_1_25' title="bbox 80 2985 1084 3032; baseline 0.002 -14"><span class='ocrx_word' id='word_1_215' title='bbox 80 2994 126 3027; x_wconf 85' lang='lat' dir='ltr'>op</span> <span class='ocrx_word' id='word_1_216' title='bbox 144 2985 191 3019; x_wconf 88' lang='lat' dir='ltr'>de</span> <span class='ocrx_word' id='word_1_217' title='bbox 204 2985 440 3027; x_wconf 85' lang='lat' dir='ltr'>wereldlijke</span> <span class='ocrx_word' id='word_1_218' title='bbox 457 2987 583 3020; x_wconf 84' lang='lat' dir='ltr'>maeht</span> <span class='ocrx_word' id='word_1_219' title='bbox 600 2989 861 3032; x_wconf 78' lang='lat' dir='ltr'>uitgeoetend,</span> <span class='ocrx_word' id='word_1_220' title='bbox 879 2990 949 3023; x_wconf 92' lang='lat' dir='ltr'>blz.</span> <span class='ocrx_word' id='word_1_221' title='bbox 969 2989 1084 3022; x_wconf 80' lang='lat'><strong>86-92.</strong></span> 
     </span>
    </p>

    <p class='ocr_par' dir='ltr' id='par_1_6' title="bbox 81 3039 1720 3134">
     <span class='ocr_line' id='line_1_26' title="bbox 121 3039 1720 3087; baseline 0.002 -15"><span class='ocrx_word' id='word_1_222' title='bbox 121 3040 136 3062; x_wconf 77' lang='lat'><strong>²</strong></span> <span class='ocrx_word' id='word_1_223' title='bbox 161 3039 253 3072; x_wconf 89' lang='lat' dir='ltr'>Deel</span> <span class='ocrx_word' id='word_1_224' title='bbox 271 3039 301 3078; x_wconf 86' lang='lat'>1.</span> <span class='ocrx_word' id='word_1_225' title='bbox 320 3041 502 3084; x_wconf 87' lang='lat' dir='ltr'>Negende</span> <span class='ocrx_word' id='word_1_226' title='bbox 519 3042 734 3076; x_wconf 80' lang='lat' dir='ltr'>Hootdstuk</span> <span class='ocrx_word' id='word_1_227' title='bbox 753 3053 760 3075; x_wconf 93' lang='lat'>:</span> <span class='ocrx_word' id='word_1_228' title='bbox 777 3043 1007 3087; x_wconf 83' lang='lat' dir='ltr'>Wetgeving</span> <span class='ocrx_word' id='word_1_229' title='bbox 1032 3044 1100 3077; x_wconf 86' lang='lat' dir='ltr'>der</span> <span class='ocrx_word' id='word_1_230' title='bbox 1117 3042 1357 3086; x_wconf 83' lang='lat' dir='ltr'>wereldlijke</span> <span class='ocrx_word' id='word_1_231' title='bbox 1381 3042 1509 3077; x_wconf 82' lang='lat' dir='ltr'><strong>macht</strong></span> <span class='ocrx_word' id='word_1_232' title='bbox 1534 3043 1647 3087; x_wconf 87' lang='lat' dir='ltr'>tegen</span> <span class='ocrx_word' id='word_1_233' title='bbox 1673 3043 1720 3076; x_wconf 86' lang='lat' dir='ltr'>de</span> 
     </span>
     <span class='ocr_line' id='line_1_27' title="bbox 81 3093 811 3134; baseline 0.003 -7"><span class='ocrx_word' id='word_1_234' title='bbox 81 3093 390 3129; x_wconf 80' lang='lat' dir='ltr'>Nederlandsche</span> <span class='ocrx_word' id='word_1_235' title='bbox 406 3095 566 3134; x_wconf 62' lang='lat' dir='ltr'>matters,</span> <span class='ocrx_word' id='word_1_236' title='bbox 582 3096 652 3130; x_wconf 90' lang='lat' dir='ltr'>blz.</span> <span class='ocrx_word' id='word_1_237' title='bbox 671 3096 811 3130; x_wconf 81' lang='grc'><strong>99-114.</strong></span> 
     </span>
    </p>
   </div>
  </div>
 </body>
</html>
