1976 3134
395 81 822 116 WEDEROPKOMST
860 83 959 117 DER
996 84 1305 118 PAUSELIJKE
1341 85 1614 124 INQUISITIE
1760 87 1822 120 183

189 190 456 246 toepassing,
483 190 589 233 daar
610 190 663 233 de
686 191 927 247 pauselijke
948 191 1173 247 Inquisitie
1197 205 1245 234 er
1267 205 1343 235 zoo
1366 192 1474 248 goed
1497 193 1561 236 als
1586 194 1820 250 uitgestor-

185 271 268 301 ven
295 271 389 302 was
407 263 436 302 ¹.

247 328 409 372 Vooral
434 328 476 371 in
504 329 580 372 het
604 329 809 373 Duitsche
833 329 952 386 Rijk,
979 343 1063 372 van
1088 330 1168 372 den
1196 331 1368 372 rechter
1390 344 1521 373 oever
1542 331 1619 373 der
1640 331 1819 375 Schelde

182 395 233 438 af
250 396 293 438 in
328 396 379 439 de
404 397 726 448 Nederlanden.
765 411 857 440 was
880 398 933 440 de
957 397 1320 454 bisschoppelijke
1355 399 1581 453 Inquisitie
1608 400 1749 442 alleen
1775 401 1816 443 in

183 464 400 520 werking.
442 467 504 508 En
547 469 646 508 toen
690 466 888 510 Clemens
927 467 983 519 V,
1024 468 1066 508 in
1120 467 1196 509 het
1238 466 1694 524 afschaffingsdecreet
1741 468 1819 511 der

183 533 388 576 Duitsche
425 534 680 590 Beggarden
724 549 776 577 en
817 535 1044 592 Begijnen‚
1087 548 1139 590 op
1172 535 1247 578 het
1293 536 1480 579 Concilie
1522 550 1605 579 van
1649 537 1817 581 Vienne

181 600 404 658 bepaalde,
430 603 503 646 dat
527 603 674 646 hunne
698 603 931 658 uitroeiing
954 604 1212 659 geschieden
1239 608 1375 648 moest
1397 605 1502 648 door
1525 605 1576 648 de
1599 605 1818 662 bisschop-

183 683 265 726 pen
290 683 342 713 en
366 670 472 712 door
495 671 548 714 de
571 671 811 728 pauselijke
836 671 1114 726 inquisiteurs
1138 685 1221 714 van
1245 673 1388 715 iedere
1412 674 1552 729 plaats
1571 678 1600 725 ²,
1629 689 1720 717 was
1751 675 1818 717 dit

182 738 296 782 niets
328 752 448 782 meer
489 739 573 782 dan
607 753 712 782 eene
750 740 1027 796 onmachtige
1071 740 1428 797 voorbehouding
1477 755 1559 784 van
1604 742 1814 798 beginsel,

182 807 363 865 waarbij
388 808 464 851 het
485 809 736 851 voortleven
768 808 842 850 der
866 809 1106 864 pauselijke
1129 809 1354 864 Inquisitie
1381 810 1422 851 in
1456 811 1739 854 Duitschland
1765 826 1817 868 op

181 878 326 921 louter
345 878 672 921 theoretischen
695 879 834 934 grond
869 879 989 921 werd
1016 879 1314 935 uitgeroepen.
1351 880 1631 935 Integendeel
1670 896 1816 925 waren

181 946 256 989 het
295 946 349 989 de
387 946 594 989 Duitsche
627 946 931 1002 hisschoppem
973 947 1040 989 die
1073 947 1221 990 hunne
1255 949 1407 1003 eigene
1446 949 1817 993 commissarissen

180 1017 270 1057 met
293 1014 346 1057 de
367 1014 776 1070 kettervervolging
808 1015 1025 1070 gelastten
1053 1029 1107 1058 en
1146 1016 1249 1058 deze
1272 1017 1356 1058 dan
1391 1016 1471 1059 ook
1497 1018 1819 1075 eigenmachtig

178 1082 416 1139 berispten‚
439 1096 651 1126 wanneer
672 1084 724 1140 zij
746 1097 850 1126 over
872 1084 1020 1127 hunne
1044 1084 1335 1140 handelingen
1356 1086 1625 1129 ontevreden
1646 1101 1812 1138 waren,

179 1151 244 1194 als
267 1151 320 1194 de
344 1151 565 1194 Keulsche
597 1151 920 1207 aartsbisschop
947 1153 1146 1195 Walram
1166 1154 1179 1176 ⁵
1218 1153 1260 1195 in
1288 1154 1417 1197 1335.

238 1222 385 1266 Onder
415 1221 468 1264 de
494 1222 727 1278 regeering
760 1237 844 1265 van
884 1223 1030 1265 keizer
1066 1224 1288 1280 Lodewijk
1321 1238 1405 1267 van
1442 1226 1621 1267 Beieren
1656 1226 1816 1282 (1312-

182 1291 315 1346 1347)
348 1290 620 1334 verkeerden
660 1290 712 1333 de
750 1292 804 1334 H.
840 1290 957 1334 Stoel
991 1306 1043 1334 en
1078 1293 1155 1335 het
1190 1294 1433 1336 Roomsche
1467 1293 1566 1350 Rijk
1600 1294 1642 1336 in
1679 1309 1814 1338 eenen

177 1362 293 1403 staat
311 1373 394 1401 van
420 1358 670 1416 openlijken
690 1360 856 1415 oorlog,
881 1360 1036 1403 zoodat
1059 1374 1106 1402 er
1130 1361 1315 1417 moeilijk
1338 1363 1498 1417 spraak
1518 1363 1601 1405 kon
1627 1363 1713 1418 ziJn
1732 1378 1815 1406 van

177 1426 531 1483 samenwerking
554 1427 759 1470 tusschen
796 1442 902 1484 paus
927 1442 980 1470 en
1005 1428 1152 1471 keizer
1175 1443 1227 1484 op
1260 1431 1337 1472 het
1364 1429 1515 1485 gebied
1548 1431 1626 1473 der
1649 1432 1816 1475 ketter-

172 1496 298 1553 jacht
334 1495 468 1552 gelijk
492 1509 544 1551 op
572 1496 823 1551 welkdanig
845 1496 1005 1549 ander;
1034 1511 1154 1539 maar
1179 1512 1234 1540 na
1258 1498 1516 1555 Lodewijk's
1538 1499 1646 1542 dood
1670 1500 1814 1543 kwam

177 1565 231 1608 de
267 1564 472 1607 Duitsche
510 1564 646 1606 kroon
682 1578 734 1619 op
772 1564 847 1607 het
870 1564 998 1607 hoofd
1024 1579 1107 1608 van
1141 1567 1274 1608 Karel
1299 1567 1361 1610 IV
1404 1581 1484 1609 van
1518 1567 1809 1625 Luxemburg,

177 1647 313 1676 eenen
337 1632 414 1675 der
446 1632 767 1688 deemoedigste
789 1633 1062 1676 uitvoerders
1094 1633 1170 1676 der
1204 1635 1442 1689 pauselijke
1467 1636 1718 1687 wenschen,
1746 1638 1814 1680 die

177 1701 266 1745 ooit
297 1714 402 1744 over
440 1701 722 1744 Duitschland
756 1701 837 1743 den
872 1702 1076 1757 schepter
1107 1703 1328 1757 gezwaaid
1363 1702 1548 1746 hebben.
1587 1705 1729 1747 Reeds
1768 1707 1811 1749 in

175 1771 261 1828 ziJn
300 1773 444 1813 eerste
483 1769 834 1825 regeeringsjaar
870 1770 965 1812 zien
1008 1784 1074 1811 we
1110 1770 1196 1813 dan
1235 1771 1316 1813 ook
1356 1771 1440 1814 den
1479 1785 1586 1827 paus
1629 1787 1682 1829 op
1715 1774 1808 1817 zich

218 2025 230 2048 ι
253 2019 296 2053 In
314 2017 627 2060 Zuid-Frankrijk
642 2027 718 2051 was
743 2019 798 2051 dit
821 2019 1019 2062 geenszins
1035 2018 1100 2052 het
1117 2018 1236 2061 geval.
1257 2019 1360 2060 (Lea,
1379 2018 1533 2062 history
1549 2018 1664 2064 osche
1679 2019 1810 2064 Inqui-

172 2074 295 2114 εἰιίοη,
322 2073 406 2106 deel
435 2073 485 2114 11,
515 2072 583 2105 blz.
615 2072 678 2105 124
705 2082 752 2106 en
780 2073 895 2116 volg.)
919 2073 1052 2106 Alleen
1077 2074 1131 2106 uit
1163 2073 1228 2106 het
1261 2074 1438 2107 Noorden
1462 2083 1533 2106 van
1558 2073 1623 2107 het
1646 2083 1808 2117 reynum

174 2127 372 2169 Franciae,
401 2127 466 2160 dat
492 2128 551 2169 wij
581 2127 620 2160 in
648 2137 716 2160 ons
741 2127 930 2161 overzicht
957 2127 1180 2161 uitsluitend
1205 2137 1251 2169 op
1279 2127 1345 2160 het
1372 2137 1446 2170 oog
1469 2128 1631 2168 hebben,
1657 2138 1734 2162 was
1762 2130 1808 2163 de

175 2181 386 2226 pauselijke
402 2181 602 2223 Inquisitie
617 2183 656 2215 in
673 2182 719 2215 de
738 2180 812 2215 13⁶⁶
828 2191 934 2215 eeuw
958 2181 1201 2224 allengskens
1218 2182 1457 2215 verdwenen.

218 2239 232 2262 ²
257 2238 398 2280 Corpus
425 2235 457 2276 I,
486 2236 554 2269 blz.
588 2236 671 2269 169:
702 2237 914 2278 D5ocesani
943 2239 980 2270 et
1005 2236 1157 2269 illarum
1182 2237 1347 2278 partium
1372 2237 1616 2278 inquisitores
1640 2237 1809 2272 heretice

174 2292 384 2334 pravitatis,
399 2292 436 2324 in
450 2291 586 2332 quibus
599 2291 791 2334 Beguardi
809 2293 847 2324 et
863 2292 1034 2334 Beguine
1053 2291 1267 2332 hujusmodi
1285 2293 1579 2333 commorantur,
1598 2301 1707 2325 suum
1724 2293 1808 2325 offi-

175 2347 275 2380 cium
292 2346 393 2379 circa
410 2355 474 2379 eos
491 2345 697 2388 diligenter
713 2348 927 2379 exerceant.

217 2400 233 2423 ³
258 2400 399 2444 Corpus
414 2399 444 2440 Ι,
463 2399 531 2433 blz.
553 2400 616 2432 185
635 2410 643 2432 :
663 2400 774 2434 Certo
799 2402 928 2434 nostro
946 2401 1205 2434 commissario
1222 2409 1336 2443 super
1352 2400 1411 2433 his
1427 2401 1642 2442 inquirendi
1668 2410 1807 2443 eosque

177 2454 237 2489 vel
261 2463 325 2488 eas
347 2456 393 2488 ab
417 2455 509 2496 ipsis
534 2456 773 2497 processibus
796 2455 1015 2489 absolvendi
1033 2456 1203 2488 dedimus
1222 2456 1459 2497 potestatem.
1485 2456 1637 2494 Verum,
1657 2456 1746 2497 quia
1763 2456 1809 2488 de

176 2519 272 2543 novo
290 2509 493 2542 nonnullos
516 2509 730 2551 huJusmodi
748 2509 899 2543 habitus
915 2510 1105 2544 delatores
1130 2513 1168 2543 et
1191 2511 1315 2543 sectae
1337 2511 1572 2552 professores
1660 2520 1682 2543 a
1698 2511 1809 2544 dictis

175 2564 416 2606 processibus
441 2566 478 2596 et
501 2565 633 2606 poenis
656 2564 696 2597 in
720 2564 812 2606 ipsis
837 2565 1024 2598 contentis
1048 2574 1117 2606 per
1140 2565 1282 2597 dictum
1311 2566 1481 2596 nostrum
1509 2565 1809 2598 commissarium

176 2618 290 2660 (quod
319 2620 445 2652 tamen
475 2627 544 2652 nec
571 2627 767 2659 speramus
794 2628 864 2652 nec
897 2619 1101 2660 credimus)
1127 2628 1166 2652 se
1194 2618 1345 2661 publice
1373 2619 1610 2660 percepimus
1639 2628 1810 2653 asserere

178 2671 390 2713 absolutos3
477 2672 716 2705 decernimus
739 2673 854 2706 etiam
878 2674 916 2707 et
940 2673 1176 2707 declaramus
1201 2672 1458 2705 absolutiones
1482 2672 1574 2714 ipsis
1599 2673 1812 2716 Beggardis

177 2727 217 2760 et
232 2726 516 2759 suesti-ionibus
532 2726 638 2760 datas
655 2728 693 2760 et
708 2727 862 2760 decreta
877 2736 991 2769 super
1014 2728 1105 2769 ipsis
1130 2728 1229 2760 facta
1245 2726 1359 2760 aliter
1375 2735 1396 2760 a
1412 2727 1544 2768 quovis
1561 2728 1690 2760 nostro
1707 2737 1810 2760 com-

178 2780 366 2821 missario,
384 2781 484 2822 quod
501 2782 628 2814 tamen
645 2790 720 2814 non
738 2782 940 2822 credimuS,
960 2791 1034 2814 non
1052 2784 1194 2815 tenere.
