2008 3278
169 259 213 290 76
606 258 671 292 DE
706 257 942 292 OPKOMST
975 259 1075 293 VAN
1112 261 1177 294 DE
1213 260 1365 294 SEGTE

168 371 256 412 met
278 370 432 425 geheel
463 370 552 412 hun
587 369 658 426 lijf
687 382 901 414 voorover
923 384 975 413 en
1000 370 1199 415 strekten
1218 371 1270 414 de
1293 385 1443 414 armen
1474 372 1553 424 uit,
1581 387 1659 417 een
1679 373 1800 418 kruis

170 441 256 480 met
280 438 370 481 hun
394 438 579 481 lichaam
598 439 830 482 vormende
856 439 886 482 ¹.
914 439 1016 482 Zich
1038 439 1322 496 oprichtende
1345 439 1500 483 bleven
1524 455 1572 484 ze
1595 442 1798 498 geknield

169 520 223 548 en
255 507 485 562 geeselden
508 507 603 550 zich
625 507 668 549 in
687 507 754 550 die
776 508 986 564 houding,
1024 509 1095 552 dat
1128 509 1203 552 het
1223 508 1347 552 bloed
1381 522 1485 551 over
1502 509 1591 553 hun
1614 511 1799 555 lichaam

169 575 347 631 zijpelde
363 573 381 597 ²
402 589 455 617 en
478 576 552 618 dat
575 576 627 618 de
649 577 948 619 omstuwende
981 578 1173 633 menigte
1197 582 1354 620 tranen
1381 591 1465 620 van
1488 577 1800 637 bewondering

168 657 220 685 en
242 644 496 701 medelijden
516 647 691 687 stortte.
707 646 788 688 Tot
806 645 1018 688 driemaal
1037 650 1107 689 toe
1126 646 1393 689 herhaalden
1413 646 1463 703 zij
1488 647 1554 690 die
1574 661 1800 703 gezamen-

166 712 270 769 lijke
293 712 618 763 boetewerken‚
645 713 697 756 de
722 727 1014 770 voorzangers
1051 715 1095 758 in
1123 715 1197 758 het
1232 714 1402 757 midden
1434 728 1520 758 van
1552 716 1636 760 den
1667 716 1799 773 kring

167 782 348 825 staande
381 787 468 825 met
490 782 542 824 de
566 783 858 825 aanvoerders
891 783 967 826 der
1000 783 1153 835 bende‚
1199 784 1458 826 waaronder
1480 785 1725 842 natuurlijk
1748 786 1800 829 de

165 851 374 907 priesters
396 864 448 893 en
471 852 524 894 de
546 851 800 903 monniken,
825 852 893 894 die
917 852 1003 895 hen
1026 852 1329 908 vergezelden.
1357 852 1419 909 Op
1442 853 1518 897 het
1551 853 1675 897 einde
1707 855 1801 899 dier

166 919 424 976 oefeningen
449 934 502 963 en
535 934 759 976 gezangen
782 921 988 964 knielden
1011 921 1065 979 zij
1093 922 1256 964 weeral
1279 921 1394 964 allen
1419 925 1462 964 te
1484 922 1619 979 gelijk
1642 937 1697 967 en
1719 938 1798 969 een

164 989 421 1047 geestelijke
452 990 586 1045 zegde
607 989 658 1032 de
683 988 877 1046 gebeden
901 989 1178 1048 (waaronder
1210 991 1286 1033 het
1313 988 1470 1048 Credo)
1502 1005 1625 1044 voor,
1654 994 1798 1037 zooals

165 1057 239 1101 dat
262 1058 305 1100 in
323 1058 376 1101 de
396 1058 578 1110 kerken,
606 1057 663 1115 bij
685 1059 736 1100 de
754 1058 1081 1114 begrafenissen
1099 1073 1152 1102 en
1175 1058 1230 1116 bij
1251 1059 1279 1102 't
1298 1059 1423 1102 einde
1449 1060 1527 1103 der
1543 1074 1799 1106 sermoenen

164 1127 457 1184 gebruikelijk
490 1141 598 1170 was.
625 1127 685 1184 Zij
720 1127 876 1170 bleven
909 1141 961 1184 op
993 1129 1145 1171 hunne
1177 1128 1335 1171 knieen
1360 1128 1508 1180 zitten‚
1535 1131 1718 1186 zoolang
1746 1131 1799 1175 de

164 1195 359 1251 gebeden
401 1210 454 1239 en
493 1197 806 1252 vermaningen
831 1187 1045 1249 duurden{
1072 1197 1221 1240 hunne
1244 1196 1460 1253 openbare
1496 1197 1641 1242 biecht
1678 1213 1798 1257 spre-

163 1264 304 1307 kende
327 1279 379 1308 en
405 1279 492 1309 van
515 1267 598 1308 den
622 1266 809 1322 priester
842 1266 895 1309 de
918 1265 1132 1309 absolutie
1159 1267 1481 1322 ontvangende,
1503 1267 1691 1323 hetgeen
1715 1268 1798 1311 ook

163 1335 216 1377 de
239 1334 572 1390 meewarigheid
595 1334 673 1378 der
701 1335 972 1378 omstanders
995 1335 1237 1380 verwekte.
1263 1336 1353 1378 Ten
1375 1336 1507 1380 slotte
1531 1337 1716 1381 stonden
1739 1338 1794 1397 zij
1831 1357 1836 1361 ⁴

161 1406 278 1449 allen
314 1420 366 1462 op
399 1420 470 1458 en,
496 1406 631 1449 onder
663 1406 741 1449 het
771 1405 1000 1450 aanheffen
1023 1421 1107 1450 van
1130 1406 1385 1450 lofliederen
1417 1410 1485 1451 ter
1515 1421 1614 1452 eere
1634 1422 1720 1453 van
1743 1409 1798 1454 de

163 1475 333 1531 Heilige
379 1475 554 1532 Maagd,
600 1473 707 1519 νόὀι·
758 1489 838 1519 θθη
886 1474 1152 1520 Mariabeeld
1198 1489 1424 1533 gezongen
1446 1474 1479 1530 ³,
1532 1476 1694 1535 gingen
1742 1479 1795 1538 zij

204 1708 212 1730 ¹
244 1707 296 1742 Le
328 1708 459 1741 Muisit
487 1718 495 1741 :
529 1708 578 1742 Et
609 1709 757 1750 quando
788 1708 989 1742 veniebant
1018 1708 1066 1741 ad
1095 1707 1261 1750 primum
1291 1717 1455 1751 passum,
1490 1717 1619 1742 omnes
1650 1708 1690 1742 in
1722 1718 1798 1743 uno

163 1763 355 1797 momento
374 1764 452 1796 toto
470 1773 629 1806 corpore
646 1764 684 1797 et
699 1764 853 1806 pectore
869 1773 909 1798 se
925 1763 1217 1806 prosternebant
1240 1764 1279 1797 et
1295 1764 1341 1797 de
1362 1763 1549 1797 bracchiis
1566 1765 1605 1798 et
1620 1765 1698 1799 toto
1716 1773 1796 1797 cor-

163 1827 255 1860 pore
273 1828 423 1852 crucem
442 1819 644 1852 faciebant.
662 1836 703 1842 —
722 1817 834 1852 Gesta
857 1817 1033 1852 abbatum
1057 1817 1376 1852 Trudinensmm:
1393 1819 1433 1851 In
1449 1819 1592 1852 terram
1617 1819 1797 1862 proJectis

161 1873 373 1915 impetuose
398 1872 632 1914 corporibus,
651 1873 779 1906 bracia
801 1873 841 1905 in
865 1873 1018 1905 modum
1043 1873 1166 1905 crucis
1191 1873 1436 1906 extendentes
1461 1873 1585 1915 supini
1607 1873 1795 1915 jacebant.

161 1947 203 1952 —
220 1929 315 1962 Boeo
339 1938 412 1961 van
436 1927 503 1961 der
526 1927 706 1968 Wrakcn,
725 1928 809 1961 deel
832 1927 905 1969 III,
922 1938 956 1960 v.
975 1927 1186 1960 2003-2008:
1206 1928 1298 1961 Drie
1323 1929 1417 1961 werf
1440 1937 1504 1961 soe
1527 1927 1651 1962 vielen
1676 1929 1708 1960 si
1723 1930 1733 1970 Ι
1751 1938 1797 1971 op

161 1983 254 2016 haer
278 1983 393 2016 knien
412 1983 629 2026 (ghelocves
653 1983 735 2024 mi);
753 1984 763 2025 l
781 1983 876 2016 ende
900 1982 1030 2016 telken
1055 1984 1086 2015 si
1110 1984 1187 2016 met
1211 1982 1336 2024 allen]
1356 1983 1552 2024 cruuswijs
1572 1984 1632 2017 ter
1655 1985 1796 2017 ecrden

160 2038 297 2080 vallen,
321 2038 333 2081 l
358 2039 448 2071 daer
472 2038 607 2081 laghen
633 2039 663 2070 si
692 2039 830 2071 sonder
853 2047 971 2079 waen,
999 2038 1008 2077 l
1033 2039 1089 2070 tot
1112 2038 1176 2071 dat
1199 2047 1239 2071 se
1265 2039 1326 2071 die
1350 2047 1438 2072 sanc
1462 2038 1542 2071 hiet
1566 2039 1736 2080 opstaen.

203 2098 216 2119 2
234 2095 277 2127 Li
296 2095 449 2128 Muisit:
470 2094 664 2128 Horribilc
681 2095 810 2128 videre
834 2094 1110 2136 praesentibus.
1131 2111 1172 2117 -
1188 2093 1312 2127 Jehan
1337 2093 1372 2127 le
1398 2093 1489 2127 Bel:
1510 2095 1624 2136 Sique
1649 2094 1684 2128 le
1708 2103 1798 2128 sanc

159 2150 206 2183 dc
234 2150 336 2183 leurs
363 2150 535 2192 espaules
563 2150 710 2182 couroit
737 2150 820 2183 aval
851 2150 898 2182 de
926 2151 1010 2183 tous
1041 2149 1176 2182 costez.
1207 2166 1250 2172 --
1278 2149 1372 2183 Boec
1396 2159 1469 2182 van
1495 2148 1563 2182 der
1598 2149 1766 2183 Wraken
1790 2163 1800 2186 ,-

161 2205 349 2238 Gheselen
373 2205 521 2238 haddon
546 2206 577 2237 si
595 2205 691 2238 doen
717 2198 866 2245 maken,
885 2204 897 2247 s
914 2206 1005 2238 daer
1029 2213 1161 2245 scarpe
1189 2203 1349 2238 naelden
1373 2204 1412 2237 in
1437 2205 1589 2246 staken;
1612 2203 1626 2247 l
1650 2205 1742 2240 daer
1765 2207 1797 2239 si

162 2260 249 2293 hcm
283 2262 360 2293 met
395 2260 578 2303 sloeghen
615 2270 678 2293 soe
705 2261 804 2302 dicp,
837 2260 850 2302 s
882 2260 1006 2293 datter
1033 2260 1149 2293 roede
1176 2259 1279 2292 bloet
1310 2259 1455 2301 uitliep.
1483 2278 1526 2283 —
1549 2260 1696 2294 Robert
1725 2270 1796 2294 van

161 2317 378 2358 Avesbury:
399 2317 548 2358 Seipsos
574 2326 658 2349 cum
676 2317 785 2348 dictis
803 2315 966 2358 flagellis
983 2316 1021 2347 in
1046 2315 1145 2348 nudo
1171 2314 1462 2357 sanguinolento
1480 2324 1639 2357 corpore
1665 2316 1796 2360 flagel-

160 2371 299 2405 larunt.
317 2390 360 2395 ——
378 2372 475 2405 Deze
500 2371 712 2414 Engelsche
736 2370 1074 2413 kronijkschrijver
1098 2370 1249 2413 getuigt
1274 2370 1348 2403 ook
1372 2379 1443 2403 van
1472 2379 1565 2404 eene
1582 2371 1797 2412 bijzondere

162 2427 340 2470 oefening
382 2427 450 2460 der
481 2426 705 2460 Zeeuwsche
737 2435 784 2460 en
813 2425 1069 2459 Hollandsche
1101 2425 1322 2459 Geeselaars
1346 2426 1383 2458 te
1413 2425 1582 2468 Londen,
1615 2426 1676 2460 die
1703 2426 1797 2461 door

161 2488 259 2523 geen
284 2479 400 2512 ander
416 2479 629 2522 tijdgenoot
644 2479 747 2512 werd
773 2478 1060 2521 aangeteekend
1086 2478 1279 2521 zeggende
1299 2488 1307 2511 t
1334 2477 1531 2518 Continue,
1563 2478 1606 2511 ut
1628 2479 1795 2520 praefer-

160 2537 234 2578 tur,
253 2536 448 2568 cantantes
465 2536 503 2569 et
518 2535 652 2568 ultimo
679 2535 847 2577 ipsorum
864 2535 918 2567 sic
933 2534 1139 2576 jacentium
1155 2534 1368 2567 inchoando
1387 2534 1546 2575 quilibet
1561 2533 1663 2567 ultra
1679 2533 1795 2567 alium

159 2600 310 2633 passum
334 2590 475 2623 faciens
500 2599 585 2623 cum
601 2600 667 2623 suo
686 2589 838 2632 flagello
856 2590 924 2622 sub
949 2597 989 2622 se
1013 2589 1201 2630 jacentem
1225 2588 1341 2622 semel
1369 2590 1568 2631 percussit,
1595 2590 1724 2633 sicque
1749 2591 1796 2625 de

161 2657 235 2679 uno
253 2647 299 2679 ad
316 2646 504 2687 reliquum
529 2654 648 2686 usquc
666 2646 710 2678 ad
730 2644 958 2687 completum
976 2653 1175 2677 numerum
1192 2644 1245 2677 sic
1257 2644 1468 2687 Jaeentium
1492 2645 1656 2680 similem
1679 2646 1795 2679 ritum

161 2702 322 2743 quilibet
346 2701 569 2733 observavit.

204 2764 217 2785 3
234 2757 285 2789 Le
310 2757 440 2789 Muisit
460 2767 467 2789 ε
493 2756 707 2798 surgebant
731 2756 768 2789 et
792 2755 977 2788 cantando
1003 2755 1049 2787 de
1075 2756 1184 2788 beata
1208 2755 1367 2798 Virgine
1390 2756 1497 2798 juxta
1521 2765 1630 2790 suum
1653 2756 1794 2790 idioma

160 2811 265 2844 ibant
283 2813 328 2844 ad
347 2821 385 2845 se
402 2811 693 2845 revestiendum.
715 2811 763 2844 Et
779 2810 935 2853 pluries,
955 2811 1155 2851 antequam
1180 2811 1467 2851 revestirentur,
1485 2812 1572 2845 ante
1588 2812 1795 2854 imaginem

160 2868 268 2900 beate
283 2867 450 2909 Virginis
468 2868 506 2899 in
524 2867 650 2908 aliquo
669 2867 752 2899 loco
767 2866 918 2899 cantum
936 2875 1043 2898 suum
1063 2866 1255 2898 finiebant.
1272 2884 1315 2890 —-
1327 2866 1423 2900 Boec
1434 2877 1508 2900 van
1525 2866 1593 2900 der
1612 2866 1792 2908 Wraken,

161 2922 244 2955 decl
273 2922 342 2963 ΙΙΙ,
369 2933 402 2955 v.
431 2921 647 2955 2009-2034:
677 2921 767 2954 Alse
795 2922 847 2963 iij.
874 2921 969 2954 werf
996 2929 1072 2953 was
1097 2920 1284 2963 ghedaen,
1309 2920 1322 2964 l
1345 2921 1515 2964 ghingen
1538 2921 1673 2956 tharen
1697 2930 1794 2964 pape

161 2986 263 3018 saon,
281 2976 292 3019 l
309 2977 369 3010 dic
392 2977 431 3010 in
455 2977 606 3010 midden
625 2976 685 3010 die
710 2976 852 3020 plaetse
878 2976 987 3016 stoct,
1005 2974 1018 3019 l
1035 2976 1132 3009 ende
1152 2975 1276 3009 vielen
1303 2976 1389 3010 hem
1413 2976 1488 3011 alle
1513 2986 1560 3020 op
1577 2977 1650 3011 den
1665 2977 1764 3017 voet,
1781 2976 1795 3023 l
