2008 3278
638 210 741 244 DER
775 209 1092 245 GEESELAARS
1136 210 1191 246 IN
1228 211 1313 245 1349
1749 215 1792 248 63

160 322 356 378 Volgens
378 335 514 365 eenen
548 321 869 379 gelijktijdigen
902 320 1310 378 kronijkschrijver‚
1348 321 1527 364 monnik
1559 335 1646 365 van
1671 322 1788 368 Sint-

160 391 349 434 Truiden
372 391 415 434 in
438 392 466 434 ’t
490 391 770 442 Luikerland,
797 391 1063 435 verschenen
1096 391 1148 433 de
1180 390 1388 434 Duitsche
1420 391 1787 437 Geeselbroeders

159 459 203 502 in
235 460 322 517 zijn
356 463 524 515 gewest
563 461 880 516 (Haspegouw)
912 459 1152 504 omstreeks
1191 459 1273 502 den
1308 460 1391 516 dag
1422 474 1506 503 van
1541 460 1788 506 Sint-Jans-

158 527 365 584 geboorte
397 529 474 584 (24
510 529 613 573 Juni
656 530 788 584 1349)
813 530 840 572 ¹.
885 530 1076 585 Volgens
1109 529 1184 572 het
1215 528 1437 572 Gentsche
1471 529 1786 575 Memorieboek

158 597 322 640 zouden
346 597 398 641 de
419 597 674 640 Geeselaars
698 597 779 640 ook
801 597 925 640 reeds
949 598 991 640 in
1015 598 1116 640 ι111111
1139 601 1183 640 te
1200 597 1312 641 Gent
1340 598 1429 655 ziJn
1456 600 1727 643 verschenen
1750 599 1785 644 ².

157 666 244 710 Het
265 665 667 723 vijftiendeeuwsch
695 664 930 710 Ckronicon
960 666 1165 709 comitum
1185 665 1433 711 Flandrz'ae
1453 668 1624 725 schrijft
1647 669 1752 712 zelfs
1776 684 1784 713 :

166 752 185 775 ‹
208 735 334 778 Circa
354 734 526 778 initium
548 735 708 777 mensis
731 735 757 778 J
761 734 849 778 unii
870 735 1175 790 pullullarunt.
1205 754 1222 772 ι
1254 732 1270 756 ³

218 804 333 846 Toen
357 803 409 847 de
442 806 584 847 eerste
606 803 810 847 Duitsche
842 803 1096 847 Geeselaars
1128 807 1172 848 te
1193 804 1305 848 Luik
1345 805 1649 858 aankwamen,
1692 807 1786 851 zich

156 871 202 914 in
233 871 263 916 't
294 870 516 928 openbaar
546 875 614 916 tot
647 872 729 915 den
763 871 913 915 bloede
948 872 1222 928 kastijdende
1254 887 1307 916 611
1343 872 1554 930 beriJ'mde
1592 875 1786 919 liederen

155 946 226 986 ter
262 943 361 986 eere
396 943 512 986 Gods
549 957 603 986 en
645 943 722 986 der
759 943 1095 1000 Moedermaagd
1136 943 1364 1000 zfflgende,
1408 946 1613 989 maakten
1649 947 1700 1004 zij
1740 961 1787 990 er

155 1015 333 1068 grooten
367 1025 540 1068 opgang
566 1026 620 1054 en
652 1012 821 1055 vonden
855 1026 903 1055 er
934 1013 1099 1056 weldra
1131 1014 1227 1056 veel
1250 1014 1498 1070 navolgers‚
1537 1015 1604 1058 die
1636 1016 1786 1059 hunne

154 1081 360 1124 Duitsche
381 1081 573 1124 liederen
591 1081 635 1124 in
659 1082 688 1124 ’t
706 1080 917 1124 Waalsch
934 1081 1188 1126 vertaalden
1210 1080 1227 1104 ⁴
1251 1097 1305 1126 en
1324 1096 1430 1125 voor
1452 1083 1504 1126 de
1526 1089 1617 1127 rest
1635 1085 1785 1128 hunne

151 1150 445 1206 handelingen
462 1148 738 1201 nabootsten,
759 1151 873 1194 alom
891 1151 1268 1202 in'tLuikerhmd,
1291 1152 1332 1194 in
1352 1151 1563 1205 Brabant,
1577 1153 1620 1195 in
1640 1154 1784 1197 Hene-

159 1232 347 1275 gouwen
371 1232 425 1262 en
449 1219 590 1262 elders
611 1217 1008 1263 rondtrekkende⁵.
1023 1221 1112 1262 Den
1131 1220 1188 1263 29
1206 1220 1434 1277 Augustus
1456 1222 1568 1265 1349
1587 1223 1787 1265 verscha-

152 1301 238 1332 nen
271 1302 334 1340 er,
371 1288 508 1331 onder
538 1288 590 1331 de
622 1292 763 1331 eerste
800 1288 1022 1332 drommen
1059 1302 1143 1332 van
1182 1290 1453 1341 GeeselaarS,
1491 1291 1558 1333 die
1594 1291 1785 1334 Doornik

150 1355 403 1410 bezochten‚
426 1357 516 1401 niet
531 1357 699 1400 minder
717 1357 802 1400 dan
820 1371 1038 1414 ongeveer
1054 1359 1250 1403 honderd
1268 1359 1436 1418 tachtig
1455 1360 1517 1403 uit
1539 1360 1647 1403 Luik
1668 1362 1699 1404 ὓ.
1722 1360 1782 1416 Zij

151 1605 189 1638 et
204 1604 446 1648 Hungariae3
463 1613 541 1638 enz.
563 1622 603 1630 —
619 1602 727 1637 Gillis
745 1604 798 1637 Le
815 1603 953 1645 Muisit,
973 1603 1033 1637 die
1050 1604 1087 1636 te
1106 1603 1276 1637 Doornik
1292 1603 1338 1637 de
1356 1603 1780 1647 Geeselaarsbeweging

149 1668 221 1693 van
249 1658 334 1692 1349
360 1659 579 1702 gadesloeg,
604 1659 690 1691 wist
716 1659 814 1692 niets
837 1668 908 1692 van
933 1659 978 1692 de
1002 1667 1184 1702 vroegere
1210 1660 1459 1702 bewegingen
1484 1659 1582 1692 noch
1606 1669 1678 1692 van
1707 1660 1780 1693 den

149 1722 360 1757 oorsprong
375 1715 444 1747 der
459 1716 572 1748 secte.
592 1714 652 1756 Hij
679 1716 763 1757 zegt
786 1716 822 1747 te
847 1714 1034 1756 schrijven
1053 1724 1062 1747 z
1081 1715 1138 1747 Ad
1163 1715 1336 1747 notitiam
1351 1715 1580 1756 futurorum,
1599 1716 1687 1756 quia
1702 1714 1779 1749 tale

147 1769 239 1809 quid
254 1778 445 1811 nunquam
458 1770 578 1802 u'sum
595 1770 666 1802 fuit
683 1778 705 1802 a
717 1778 951 1810 quocumque
969 1770 1201 1811 temporibus
1217 1770 1447 1811 praeteritis,
1462 1769 1607 1803 scilicet
1623 1771 1775 1803 modum

147 1824 250 1866 facti,
266 1824 419 1857 modum
434 1825 595 1858 vestium
613 1825 651 1857 et
667 1823 832 1865 qualiter
855 1824 893 1856 in
913 1825 1147 1866 poenitentia
1171 1824 1343 1857 facienda
1367 1833 1406 1858 se
1431 1825 1632 1867 gerebant.
1656 1824 1778 1858 Multa

145 1878 311 1921 plurima
325 1879 539 1912 scribebant
563 1881 600 1913 et
616 1880 792 1913 dicebant
815 1879 879 1912 ubi
903 1880 976 1913 fuit
999 1880 1190 1921 inceptum
1214 1880 1252 1912 et
1274 1888 1343 1921 pro
1367 1888 1440 1921 qua
1455 1889 1586 1921 causa;
1604 1880 1669 1913 sed
1688 1889 1778 1913 nun-

146 1942 259 1975 quam
283 1934 390 1976 potui
409 1943 524 1976 super
547 1933 618 1968 hoc
642 1935 845 1968 certificari
870 1935 915 1968 ab
941 1933 1080 1976 aliquo,
1099 1936 1137 1968 et
1159 1935 1315 1976 propter
1338 1934 1409 1968 hoc
1434 1944 1505 1978 ego
1530 1934 1652 1967 solum
1677 1934 1773 1968 illud

145 1989 245 2029 quod
272 1988 387 2022 fiebat
412 1989 452 2022 in
479 1989 651 2022 Tornaco
679 1989 752 2022 feci
781 1989 1002 2032 registrare,
1030 1990 1120 2030 quia
1137 1990 1183 2023 de
1200 1989 1355 2023 remotis
1382 1991 1553 2032 partibus
1578 1990 1778 2030 nequirem

144 2043 272 2077 dicere
295 2043 506 2077 veritatem.
524 2063 567 2068 —
583 2045 638 2078 De
662 2044 916 2088 gelijktijdige
940 2044 1097 2077 monnik
1119 2045 1187 2078 der
1210 2045 1308 2087 abdij
1334 2055 1405 2079 van
1429 2045 1622 2079 Baudeloo
1646 2044 1779 2087 (Breve

144 2097 272 2131 chron.
303 2096 523 2141 Flandrz‘ae)
551 2102 677 2133 meent
705 2100 791 2140 ook,
821 2100 884 2133 dat
907 2108 950 2133 er
972 2099 1054 2132 zich
1085 2101 1176 2134 voor
1203 2100 1287 2133 1349
1314 2101 1419 2134 nooit
1446 2100 1669 2134 Geeselaars
1691 2109 1778 2133 ver-

143 2154 258 2186 toond
281 2152 454 2187 hadden:
473 2154 734 2188 Penitenciam
757 2153 991 2198 singularem
1015 2156 1053 2188 et
1077 2164 1268 2197 nunquam
1284 2157 1390 2198 prius
1415 2157 1533 2189 visam
1557 2164 1778 2198 assumpse-

143 2209 246 2241 runt.

186 2262 199 2284 ¹
214 2263 324 2297 Circa
339 2265 575 2298 nativitatem
591 2265 712 2298 sancti
724 2264 746 2298 J
751 2264 909 2298 ohannis
927 2265 1164 2299 intraverunt
1177 2265 1379 2299 Hasbaniae
1396 2266 1578 2299 terminos
1596 2274 1642 2298 ex
1660 2265 1775 2306 parti-

141 2317 210 2351 bus
226 2319 420 2353 inferioris
435 2319 647 2354 Alimaniae
664 2321 808 2363 egressi
825 2320 897 2353 viri
922 2320 1189 2364 flagellatores.
1209 2319 1336 2363 (Gesta
1351 2319 1528 2355 abbatum
1554 2318 1775 2354 Trudz’nen-

140 2373 267 2416 sium.)

183 2428 198 2450 2
214 2428 310 2463 Item
326 2429 365 2462 in
382 2429 437 2462 dit
450 2430 533 2472 ,iaer
549 2439 662 2472 quam
685 2439 778 2464 eene
803 2433 904 2465 secte
919 2440 990 2465 van
1007 2430 1262 2464 Cruusbroers
1286 2432 1324 2465 te
1342 2430 1465 2464 Ghent
1482 2431 1520 2464 in
1537 2431 1776 2464 wedemaent

141 2483 236 2516 ende
252 2483 450 2527 droughen
467 2493 560 2519 eene
579 2494 690 2519 cruce
714 2486 845 2519 achter
869 2487 964 2519 ende
983 2495 1135 2526 vooren,
1153 2486 1248 2519 ende
1264 2496 1307 2528 zy
1326 2495 1486 2528 quamen
1508 2487 1575 2519 uut
1591 2486 1774 2519 Almaen-

140 2546 227 2581 gen.
245 2537 527 2578 (Memorieboek
540 2539 608 2573 der
623 2539 707 2574 stad
726 2538 860 2583 Ghent,
879 2540 962 2574 deel
980 2541 1011 2583 Ι,
1030 2540 1098 2573 blz.
1117 2541 1177 2581 67;
1199 2539 1338 2584 Corpus
1362 2541 1412 2582 ΙΙ,
1432 2540 1502 2573 blz.
1522 2540 1612 2581 136.)

182 2591 197 2615 ³
211 2593 269 2635 Bij
285 2593 332 2627 de
348 2593 462 2634 Smet,
483 2593 624 2639 Corpus
646 2594 773 2629 chron.
791 2594 865 2636 Fl.‚
884 2595 965 2629 deel
997 2597 1027 2635 Ι,
1047 2596 1118 2628 blz.
1135 2595 1221 2635 226;
1244 2596 1382 2640 Corpus
1406 2595 1457 2637 ΙΙ,
1477 2594 1545 2628 blz.
1569 2595 1644 2628 132.

181 2647 196 2669 ⁴
210 2647 334 2682 Jehan
352 2648 388 2682 le
405 2649 488 2690 Bel,
507 2649 591 2684 deel
606 2650 638 2692 I,
656 2649 725 2684 blz.
743 2649 827 2693 304;
848 2650 991 2694 Corpus
1007 2651 1057 2693 II,
1076 2650 1144 2683 blz.
1163 2650 1228 2682 ‘205
1245 2661 1253 2683 z
1273 2651 1322 2684 Et
1345 2651 1485 2684 mirent
1509 2659 1556 2684 en
1583 2652 1773 2684 rommant

139 2701 242 2736 leurs
257 2703 458 2737 chansons.

181 2758 196 2780 ⁵
210 2757 304 2792 Ibid-
324 2768 332 2791 :
350 2759 398 2792 Et
414 2759 685 2794 assemblerent
707 2761 851 2803 grande
873 2761 997 2794 foison
1021 2761 1067 2794 de
1091 2761 1362 2804 eompaignons
1386 2760 1542 2802 austres,
1561 2761 1599 2793 et
1623 2760 1771 2794 alerent

137 2821 207 2855 par
226 2811 263 2846 16
277 2822 369 2856 pays
385 2814 432 2848 de
449 2815 579 2858 Liege‚
597 2815 644 2849 (16
667 2815 847 2858 Brabant,
865 2816 911 2849 de
928 2815 1087 2858 Haynau
1112 2817 1150 2849 et
1166 2816 1213 2849 de
1235 2815 1423 2858 plusieurs
1447 2815 1604 2858 aultres,
1622 2817 1767 2849 contre-

137 2867 278 2901 faisans
294 2867 350 2902 les
365 2870 600 2912 serymonies
615 2870 856 2910 dessusditeS,
875 2871 914 2904 et
928 2870 1177 2913 s'appeloient
1196 2872 1401 2905 contreres.

179 2921 195 2944 ⁶
210 2923 263 2956 Le
278 2922 407 2957 Muisit
422 2935 430 2958 :
447 2926 481 2959 A
497 2925 637 2960 Leodio
654 2935 729 2959 una
745 2925 905 2960 societas
922 2926 1074 2960 circiter
1094 2926 1202 2960 IXu.
