1976 3134
632 99 736 134 DER
771 98 966 132 EERSTE
1002 99 1157 134 GEESE
1163 99 1322 134 LAARS
1753 101 1797 133 89

153 224 318 255 rooven
361 226 414 256 en
456 227 575 257 meet·
617 213 780 257 andere
822 211 1157 268 ongeoorloofde
1202 212 1342 255 daden
1388 211 1562 268 plegen.
1611 213 1795 256 Daarom

154 280 328 326 beveelt
361 282 413 326 de
451 297 559 338 paus
593 297 674 326 aan
713 283 755 326 al
793 282 846 325 de
879 281 1210 338 kerkprelaten,
1253 281 1327 324 dat
1360 281 1434 338 zij,
1470 281 1590 324 ieder
1630 282 1673 325 in
1709 283 1796 339 zijn

152 348 335 401 bisdom,
362 352 414 394 de
437 351 562 396 Secte
584 352 662 395 der
682 351 940 395 Geeselaars
964 350 1303 393 onderdrukken
1326 351 1470 392 zullen
1495 364 1548 392 en
1574 365 1655 393 aan
1679 352 1720 394 al
1744 352 1795 393 de

152 419 335 462 klerken
371 434 423 463 en
448 421 602 464 leeken
637 419 868 463 verbieden
903 433 951 462 er
974 419 1068 461 deel
1092 433 1176 461 van
1200 423 1244 462 te
1267 419 1423 461 maken
1453 418 1502 461 of
1519 420 1627 462 hare
1652 420 1794 475 regle-

152 491 328 531 menten
352 493 467 532 nate
486 491 627 540 leven,
650 503 702 545 op
721 488 836 532 straf
853 502 934 530 van
961 487 1013 531 de
1033 487 1277 545 kerkelijke
1300 500 1487 531 censuur
1505 501 1556 529 en
1582 488 1686 531 zelfs
1712 501 1794 531 van

151 555 385 614 stoffelijke
415 558 712 615 kastijdingen
745 571 852 600 voor
883 557 1100 613 degenen‚
1137 570 1367 599 waarover
1400 556 1451 599 de
1484 556 1795 611 kerkprelaten

151 624 204 667 de
228 626 501 683 wereldlijke
527 626 777 684 jurisdictie
809 625 1002 669 bezitten
1027 625 1057 668 ¹.
1094 625 1193 667 Wat
1217 625 1268 667 de
1301 625 1589 683 geestelijken
1613 625 1790 674 betrest,

150 693 219 736 die
254 699 341 738 met
372 696 522 738 hunne
555 695 841 750 predikingen
876 708 929 737 en
963 694 1127 749 leiding
1160 693 1212 737 de
1245 693 1482 736 onnoozele
1516 695 1709 749 menigte
1743 708 1795 749 op

151 776 230 806 een
254 764 530 820 dwaalspoor
561 763 732 807 hebben
755 762 983 819 gebracht,
1021 763 1072 819 zij
1107 763 1250 805 zullen
1282 762 1324 804 in
1354 762 1582 805 hechtenis
1615 762 1794 805 worden

150 845 381 887 genomen,
419 833 533 876 welk
568 833 650 875 ook
685 833 775 875 hun
808 845 922 888 rang
954 845 1078 887 moge
1102 845 1270 882 wezen‚
1311 845 1361 873 en
1396 831 1448 887 zij
1486 831 1633 874 zullen
1665 831 1708 872 in
1743 831 1795 874 de

151 904 420 959 gevangenis
444 904 623 947 worden
646 903 868 954 bewaard,
897 906 965 947 tot
989 903 1175 958 zoolang
1197 902 1249 945 de
1272 916 1379 958 paus
1403 915 1508 944 over
1529 903 1621 944 hun
1645 903 1704 945 lot
1728 903 1795 944 zal

150 971 354 1016 beschikt
395 972 583 1016 hebben.
632 974 818 1015 Daartoe
861 973 943 1023 zal,
992 985 1071 1015 zoo
1117 971 1289 1027 noodig,
1338 971 1390 1013 de
1434 971 1539 1026 hulp
1583 985 1668 1013 van
1713 972 1796 1013 den

151 1041 457 1098 wereldlijken
480 1055 574 1084 arm
598 1041 777 1084 worden
806 1042 1069 1097 ingeroepen
1099 1038 1130 1083 ².
1169 1042 1230 1084 De
1253 1041 1460 1095 oprechte
1492 1039 1795 1096 boetvaardig-

149 1109 265 1160 heid,
303 1110 447 1153 zooals
480 1111 532 1153 de
566 1110 688 1152 Kerk
713 1111 822 1152 haar
855 1109 1138 1166 voorschrijft
1161 1123 1212 1152 en
1237 1109 1517 1164 aanmoedigt
1538 1108 1688 1151 buiten
1713 1109 1796 1151 alle

149 1181 388 1225 verdachte
433 1195 628 1232 vormen,
688 1183 832 1226 wordt
876 1182 1054 1225 daarom
1109 1182 1201 1224 niet
1244 1180 1480 1224 verboden.
1538 1182 1597 1224 De
1652 1187 1794 1224 aarts-

148 1249 439 1308 bisschoppen
461 1248 477 1272 ³
500 1251 644 1293 zullen
667 1265 750 1294 aan
779 1251 899 1294 ieder
922 1253 1097 1294 hunner
1119 1249 1400 1306 suffraganen
1433 1264 1513 1293 een
1537 1250 1796 1293 authentiek

149 1333 203 1363 en
236 1319 442 1376 bezegeld
474 1319 678 1363 asschrift
711 1320 839 1363 dezer
870 1320 943 1362 bul
977 1319 1161 1369 zenden,
1204 1319 1443 1375 aangezien
1476 1319 1528 1361 de
1561 1331 1670 1374 paus
1703 1319 1794 1362 hun

148 1389 344 1446 moeilijk
366 1388 442 1432 het
467 1388 571 1431 stuk
594 1387 683 1431 zelf
701 1389 790 1431 kan
814 1389 924 1431 doen
948 1388 1198 1431 toekomen.

208 1456 418 1500 Ondanks
451 1457 555 1500 deze
589 1457 886 1514 moeilijkheid
921 1457 1084 1513 schijnt
1115 1457 1315 1499 Clemens
1349 1456 1410 1499 VI
1442 1457 1545 1499 toch
1579 1469 1684 1499 eene
1709 1456 1794 1499 uit-

146 1525 387 1582 zondering
410 1539 516 1569 voor
538 1526 590 1568 de
612 1526 968 1570 Nederlandsche
992 1525 1278 1580 bisschoppen
1313 1525 1515 1581 gemaakt
1538 1529 1582 1568 te
1604 1526 1791 1576 hebben,

146 1594 257 1637 Wier
273 1595 505 1652 geestelijk
522 1595 675 1651 gebied
694 1595 798 1637 door
815 1595 866 1637 de
885 1595 1142 1639 Geeselaars
1162 1594 1385 1650 bijzonder
1403 1595 1522 1637 werd
1535 1596 1790 1651 geteisterd.

147 1664 266 1706 Toch
288 1667 431 1707 weten
470 1664 543 1721 wij
569 1663 676 1706 door
697 1664 780 1706 den
815 1664 994 1706 monnik
1027 1677 1113 1706 van
1138 1663 1371 1712 Baudeloo,
1409 1663 1482 1706 dat
1507 1664 1559 1707 de
1592 1664 1791 1719 bisschop

145 1749 232 1778 van
269 1735 493 1792 Kamerijk
527 1735 831 1778 rechtstreeks
854 1748 939 1778 van
973 1735 1055 1778 den
1081 1748 1188 1790 paus
1219 1734 1322 1777 deze
1345 1733 1417 1777 bul
1442 1736 1625 1791 ontving
1660 1736 1794 1778 onder

145 1804 471 1860 dagteekening
503 1818 585 1847 van
619 1805 701 1847 den
731 1805 790 1847 25
822 1803 1010 1847 October
1045 1804 1160 1847 1349
1190 1805 1219 1853 ⁴,
1256 1803 1298 1846 d.
1325 1803 1354 1847 i.
1392 1802 1478 1859 vijf
1505 1803 1646 1859 dagen
1680 1803 1794 1846 later

144 1873 228 1917 dan
260 1874 314 1917 de
352 1873 679 1930 uitvaardiging
710 1873 788 1916 der
826 1874 1078 1929 algemeene
1118 1871 1206 1915 bul.
1249 1872 1341 1915 Met
1384 1885 1484 1915 zeer
1520 1872 1658 1916 lichte
1695 1886 1793 1915 ver-

185 2104 199 2128 1
222 2097 464 2131 Contrarium
479 2096 663 2129 facientes
687 2105 756 2138 per
781 2105 980 2129 censuram
998 2096 1295 2130 ecclesiasticam
1311 2096 1522 2129 coercendo
1546 2106 1694 2131 necnon
1712 2107 1791 2140 eOS,

138 2153 178 2186 in
195 2161 289 2194 quos
306 2150 557 2193 temporalem
573 2151 879 2192 jurisdictionem
896 2150 1057 2189 habetis,
1084 2160 1152 2192 per
1166 2160 1308 2192 poenas
1323 2151 1567 2193 temporales,
1586 2152 1632 2184 de
1649 2153 1786 2194 quibus

141 2207 322 2250 expedire
337 2206 531 2245 videretis,
550 2205 809 2247 appellatione
828 2207 1051 2247 postposita,
1071 2205 1323 2247 compellatis.

184 2261 362 2296 zemnes
385 2262 424 2294 et
447 2259 634 2303 singulos,
653 2261 924 2302 qu'uscumque
949 2261 1025 2293 sint
1048 2262 1207 2302 ordinis,
1233 2260 1446 2303 religionis,
1467 2263 1793 2304 praeeminentiae

142 2315 201 2350 vel
226 2317 358 2357 status,
376 2324 470 2357 quos
494 2316 534 2348 in
558 2315 776 2356 praemissis
800 2315 907 2347 vobis
932 2315 1148 2348 constiterit
1172 2314 1392 2356 deliquisse,
1419 2317 1503 2358 capi
1527 2318 1690 2357 faciatis,
1717 2327 1791 2350 non

141 2372 316 2404 obstante
332 2379 559 2412 quocunque
575 2369 779 2412 privilegio
797 2370 856 2403 vel
874 2369 1036 2411 indulto,
1055 2370 1156 2410 quod
1182 2371 1237 2403 eis
1262 2371 1301 2403 in
1328 2370 1433 2403 nullo
1459 2372 1662 2414 suffragari
1681 2372 1790 2405 volu-

141 2435 239 2465 ωας,
256 2428 334 2459 tam
351 2426 415 2458 diu
432 2425 600 2466 captivos
616 2425 828 2466 retineatis,
848 2425 969 2458 donec
986 2424 1089 2458 aliud
1114 2434 1136 2458 a
1161 2425 1269 2457 nobis
1287 2426 1512 2467 acceperitis
1529 2427 1569 2458 in
1586 2427 1790 2467 mandatis,

140 2481 315 2514 invocata
331 2480 378 2512 ad
395 2479 479 2521 hoc,
499 2479 530 2511 si
549 2488 641 2521 opus
658 2480 788 2521 fuerit,
807 2479 949 2512 auxilio
968 2479 1115 2511 brachii
1133 2479 1352 2512 saecularis.

183 2537 198 2561 3
221 2535 350 2569 Onder
377 2535 451 2568 den
478 2535 608 2567 datum
634 2543 706 2567 van
735 2533 780 2565 20
808 2534 973 2568 October
1006 2534 1091 2566 1349
1119 2534 1223 2567 werd
1251 2534 1340 2567 deze
1371 2534 1435 2566 bul
1464 2535 1558 2567 door
1588 2535 1662 2568 den
1695 2545 1789 2578 paus

140 2589 292 2634 gericht
318 2591 375 2622 tot
401 2590 475 2622 den
503 2589 784 2631 aartsbisschop
811 2598 883 2622 van
909 2589 1060 2622 Keulen
1081 2591 1136 2622 'en
1165 2589 1261 2630 zijne
1290 2590 1535 2631 suffraganea
1561 2591 1647 2631 (van
1677 2590 1791 2633 Luik,

141 2645 315 2685 Utrecht‚
334 2644 441 2686 enz.).
459 2645 524 2678 Zie
541 2645 670 2686 Brom,
688 2644 912 2678 Bullarium
934 2644 1179 2687 Trajecterzse,
1199 2643 1283 2677 decl
1302 2643 1354 2685 ΙΙ,
1374 2643 1443 2676 blz.
1462 2643 1520 2676 20.

182 2701 196 2724 ⁴
220 2700 276 2733 De
293 2699 484 2742 volledige
501 2699 604 2732 tekst
627 2699 665 2731 in
690 2698 757 2732 het
777 2699 892 2731 Breve
914 2697 1118 2731 chronicon
1142 2696 1352 2731 Flandriae
1375 2697 1499 2731 clerici
1521 2701 1718 2743 anonymi,
1738 2701 1785 2742 bij

141 2755 196 2788 De
221 2755 337 2796 Smet,
364 2752 506 2798 Corpus
528 2752 772 2788 chonicorum
795 2752 1018 2794 Flandriae‚
1045 2752 1129 2786 deel
1154 2752 1227 2794 ΙΙΙ,
1254 2751 1324 2784 blz.·
1348 2751 1470 2795 23-263
1492 2752 1633 2798 Corpus
1657 2754 1690 2801 Ι,
1718 2754 1785 2789 blz.

142 2807 302 2843 leo-201.
