1976 3134
443 219 752 255 BEGGARDEN
790 219 858 254 EN
896 219 1311 254 SOORTGELIJKEN
1640 218 1702 253 143

59 329 138 373 het
167 328 395 386 keizerlijk
434 328 548 372 edict
582 345 687 375 over
718 332 795 375 het
817 330 1003 387 gebruik
1026 344 1112 374 van
1144 332 1198 375 de
1220 329 1701 375 verbeurdverklaarde

57 397 275 455 goederen
299 398 377 441 der
398 399 658 454 Beggarden
683 414 736 444 en
771 400 998 456 Begijnen,
1027 413 1080 455 op
1105 400 1291 443 verzoek
1323 414 1408 443 van
1449 399 1532 442 den
1555 399 1700 454 inqui-

58 467 195 510 siteur
213 466 424 510 Walther
444 468 646 525 Kerling,
675 468 926 524 volmondig
948 467 1226 524 goedkeurde
1244 470 1276 512 ¹.

117 535 238 579 Geen
263 535 458 585 wonder,
501 536 576 579 dat
614 551 721 580 eene
758 551 834 580 zoo
867 542 1046 592 strenge
1078 537 1333 593 wetgeving
1371 535 1424 578 de
1463 535 1701 591 vervolgde

58 603 317 660 Beggarden
361 617 414 646 en
457 605 699 662 Beggijnen
745 619 830 648 van
873 605 1160 648 Duitschland
1206 610 1293 648 met
1334 605 1376 647 al
1420 604 1471 646 de
1525 604 1702 660 over-ige

58 671 265 715 broeders
303 686 357 714 en
396 676 568 715 zusters
600 673 678 717 der·
712 674 821 730 vrije
859 674 1201 729 vereenigingen
1241 673 1355 716 alom
1383 679 1521 714 moest
1555 672 1699 715 uiteen

58 740 244 797 drijven.
286 739 379 783 Ook
423 741 632 797 getuigen
675 746 718 785 te
757 741 894 798 gelijk
930 742 1116 784 Bzovius
1139 739 1155 763 ²
1188 755 1241 784 en
1285 740 1540 797 Raynaldus
1565 741 1596 793 ⁵,
1634 741 1702 782 die

59 812 250 864 toegang
272 808 443 851 hadden
467 812 530 852 tot
565 810 643 853 het
664 809 880 866 pauselijk
901 809 1073 852 archief
1090 823 1158 852 om
1192 811 1342 852 bunne
1366 808 1562 851 bekende
1587 822 1702 851 wer-

58 876 144 918 ken
168 889 316 919 samen
339 880 383 919 te
406 877 580 928 stenen,
618 878 692 921 dat
713 879 768 921 de
792 878 1051 934 Beggarden
1076 892 1130 921 en
1158 878 1385 934 Begijnen,
1413 877 1475 920 uit
1499 877 1700 919 Duitsch-

58 947 159 990 land
181 947 391 1004 verJaagd
429 948 535 991 door
568 949 620 991 de
642 949 885 1004 Inquisitie,
925 963 1033 992 naar
1065 949 1115 992 de
1142 949 1352 1004 naburige
1385 951 1610 1004 gewesten
1647 962 1699 990 en

58 1015 206 1058 vooral
233 1029 340 1058 naar
362 1016 415 1058 de
438 1017 720 1074 Rijnlanden,
747 1031 855 1060 naar
879 1018 1066 1060 Holland
1091 1031 1144 1060 θη
1168 1031 1276 1060 naar
1299 1016 1496 1059 Brabant
1517 1016 1569 1057 de
1595 1017 1700 1073 wiJ‘k

57 1098 231 1135 namen,
257 1084 410 1128 zoodat
435 1098 542 1140 paus
563 1085 800 1141 Gregorius
825 1086 890 1128 XI
923 1086 964 1128 in
992 1084 1107 1129 1372
1129 1087 1211 1129 den
1235 1086 1383 1128 keizer
1415 1098 1470 1127 en
1494 1084 1545 1126 de
1569 1085 1700 1141 rijks-

57 1155 236 1195 vorsten
275 1157 414 1196 moest
453 1167 670 1209 oproepen
710 1167 778 1197 om
816 1154 966 1197 aldaar
1002 1155 1053 1196 de
1086 1154 1369 1210 inquisiteurs
1410 1156 1482 1196 ter
1515 1153 1620 1208 hulp
1657 1158 1700 1195 te

57 1221 233 1265 komen.
254 1222 330 1264 Die
353 1222 595 1279 pauselijke
619 1223 688 1266 bul
712 1222 748 1265 is
768 1222 857 1265 niet
881 1226 946 1265 tot
966 1236 1043 1264 ons
1066 1222 1296 1278 gekomen,
1325 1235 1448 1265 maar
1470 1221 1541 1278 wij
1568 1220 1699 1265 bezit-

56 1293 131 1333 ten
181 1303 260 1332 θθη
304 1289 425 1333 bevel
465 1289 480 1312 ‘¹
513 1304 598 1334 van
641 1290 788 1334 keizer
831 1291 965 1334 Karel
1008 1291 1088 1343 IV,
1145 1294 1187 1334 te
1231 1291 1354 1333 Trier
1397 1289 1601 1346 bezegeld
1644 1303 1697 1346 op

62 1360 114 1401 17
136 1357 349 1402 Februari
376 1359 505 1409 1373,
533 1359 714 1416 waarbij
749 1359 809 1416 hij
836 1360 919 1402 den
941 1359 1353 1414 aartsbisschoppen
1377 1372 1461 1401 van
1496 1358 1620 1401 Trier
1642 1372 1696 1400 θη

57 1441 142 1470 van
166 1427 337 1470 Keulen
371 1441 425 1470 θη
448 1429 532 1470 den
557 1427 756 1483 bisschop
789 1441 874 1471 van
908 1428 1017 1470 Luik
1041 1428 1231 1470 alsmede
1263 1427 1346 1470 den
1370 1428 1587 1482 hertogen
1611 1440 1695 1469 van

57 1494 352 1552 Luxemburg‚
401 1495 623 1551 Limburg,
672 1495 866 1539 Brabant
911 1510 962 1538 θη
1003 1496 1133 1539 Gulik
1178 1500 1265 1539 met
1303 1494 1458 1538 enkele
1502 1495 1698 1537 mindere

56 1566 252 1616 vorsten,
289 1565 371 1606 den
401 1564 674 1622 pauselijken
712 1564 972 1620 inquisiteur
1001 1566 1085 1608 Jan
1116 1564 1168 1606 de
1209 1564 1390 1614 Boland,
1431 1563 1697 1619 predikheer

57 1622 110 1674 en
143 1632 428 1690 keizerlijken
460 1631 721 1689 kapelaan5‚
760 1645 897 1676 warm
937 1633 1196 1676 aanbeveelt
1228 1633 1292 1675 als
1331 1631 1552 1688 bijzonder
1592 1632 1698 1674 door

56 1700 140 1743 den
163 1701 218 1744 H.
237 1700 354 1745 Stoel
378 1702 519 1757 gelast
543 1706 630 1744 met
648 1702 699 1743 de
723 1702 957 1757 uitroeiing
974 1702 1052 1744 der
1072 1701 1329 1756 Beggarden
1348 1714 1401 1743 en
1421 1700 1631 1756 Begijnen
1650 1700 1692 1742 in

56 1769 110 1812 de
133 1769 333 1812 diocesen
370 1783 454 1812 van
479 1770 617 1820 Trier,
656 1771 825 1812 Keulen
861 1784 912 1813 θη
951 1767 1111 1813 Luik⁶.
1150 1770 1210 1826 Zij
1238 1771 1409 1812 moeten
1443 1769 1544 1811 hem
1577 1782 1630 1811 θη
1654 1768 1695 1811 al

57 1838 168 1894 zijne
191 1837 514 1880 medewerkers
539 1839 580 1880 in
604 1839 711 1881 alles
737 1839 1020 1893 behulpzaarn
1044 1838 1150 1894 ziJ'n,
1176 1837 1313 1880 onder
1333 1837 1526 1880 anderen
1550 1837 1592 1878 in
1618 1837 1694 1879 het

57 1906 359 1962 bemachtigen
385 1920 469 1949 van
494 1907 569 1950 het
592 1907 691 1949 hem
716 1907 1002 1949 toekomende
1025 1906 1157 1949 derde
1180 1906 1274 1948 deel
1298 1905 1374 1948 der
1397 1906 1695 1961 aangeslagen

57 1975 270 2018 roerende
307 1988 359 2017 θη
385 1976 655 2018 onroerende
679 1975 895 2031 goederen
920 1989 1004 2018 van
1042 1975 1146 2017 deze
1178 1973 1348 2018 ketters
1388 1988 1440 2016 en
1480 1973 1695 2016 ketterin-

56 2041 190 2086 nen⁷.
217 2043 308 2086 Ook
331 2043 374 2086 in
411 2043 489 2088 het
518 2043 770 2100 koninkrijk
805 2043 1044 2100 Frankrijk
1083 2057 1182 2086 nam
1220 2057 1326 2098 paus
1358 2042 1599 2098 Gregorius
1633 2042 1697 2084 XI

100 2264 113 2288 ¹
137 2259 333 2301 Tanquam
349 2259 505 2302 provide
523 2260 561 2294 et
577 2259 764 2293 catholice
779 2260 913 2293 factas.

98 2318 113 2341 2
138 2313 278 2358 Corpus
301 2315 332 2356 Ι,
358 2315 425 2347 blz.
451 2314 529 2355 224,
555 2321 593 2348 ηι-
615 2314 701 2356 2163
719 2313 887 2348 Annales
910 2312 1154 2355 ecclesiastici,
1172 2314 1219 2346 ad
1244 2321 1384 2347 annum
1410 2311 1510 2354 1372,
1535 2312 1620 2346 deel
1649 2311 1697 2355 11,

59 2368 129 2402 blz.
149 2367 248 2409 1397,
266 2375 305 2402 ηι-
320 2368 401 2404 VH.

97 2423 112 2446 ³
137 2421 278 2467 Comus
293 2423 323 2464 1,
342 2422 412 2457 blz.
431 2422 508 2464 225,
528 2429 567 2456 nr
586 2423 666 2465 2173
691 2422 854 2458 Annales
879 2421 1126 2463 ecclesiastici,
1145 2422 1191 2455 ad
1208 2430 1349 2455 annum
1370 2420 1468 2464 1372,
1489 2420 1574 2455 deel
1594 2420 1695 2462 XVI,

56 2477 127 2510 blz.
145 2477 222 2518 513,
240 2483 280 2510 nr
298 2477 350 2509 14.

99 2537 113 2558 ⁴
138 2531 278 2575 Corpus
294 2533 323 2570 Ι,
343 2532 412 2566 blz.
430 2532 508 2574 225,
526 2539 565 2565 η’·
580 2532 661 2574 218;
680 2532 879 2575 Mosheim‚
898 2532 969 2566 blz.
988 2532 1066 2565 388.

100 2595 114 2617 ⁵
137 2588 366 2630 Capelanum
390 2590 560 2620 nostrum
580 2588 801 2622 dilectum...
820 2589 859 2621 et
882 2588 1146 2629 inquisitorem
1171 2585 1386 2619 haereticae
1408 2585 1605 2627 pravitatis
1629 2594 1698 2627 per

57 2644 344 2682 Treverensem,
363 2642 625 2676 coloniensem
644 2644 681 2676 et
698 2643 947 2676 Leodiensem
963 2643 1169 2675 dioeceses.

99 2698 114 2721 ὅ
137 2697 360 2740 specialiter
375 2697 421 2730 ad
438 2696 687 2730 eliminandos
705 2699 742 2730 et
759 2697 1007 2730 destruendos
1024 2697 1070 2730 de
1095 2696 1220 2729 medio
1247 2694 1417 2728 fidelium
1445 2693 1697 2736 particulares

57 2754 178 2786 sectas
196 2752 484 2790 Beghardorum
501 2754 538 2785 et
556 2752 827 2794 Beguinarum,
846 2760 942 2793 quae
966 2752 1172 2794 plurimum
1189 2751 1228 2783 in
1246 2750 1508 2783 Allemanniae
1525 2749 1696 2791 partibus

57 2806 247 2849 pullulare
268 2807 457 2848 dicuntur,
472 2806 632 2847 dyabolo
651 2807 869 2849 instigante.

99 2861 114 2884 ⁷
136 2860 181 2894 In
199 2861 434 2894 assecutione
459 2860 554 2894 reali
577 2862 714 2895 tertiae
737 2862 856 2903 partis
881 2861 1049 2894 omnium
1076 2861 1260 2893 bonorum
1284 2858 1483 2892 mobilium
1508 2860 1546 2892 et
1562 2859 1696 2891 immo-

58 2915 190 2949 bilium
216 2916 383 2949 omnium
410 2917 448 2949 et
474 2915 711 2958 singulorum
735 2915 1015 2950 haereticorum
1046 2914 1334 2957 Beghardorum
1366 2916 1405 2948 et
1436 2913 1697 2956 Beghinarum
