2008 3166
123 248 183 281 162
307 246 610 281 OVERWICHT
647 246 749 280 DER
789 245 1248 280 RISSCHOPPELIJKE
1287 245 1567 285 INQUISITIE

119 354 204 412 rijk
227 368 281 398 en
305 355 348 398 in
372 368 479 398 onze
501 356 745 410 gewesten.
768 353 862 410 Zijn
887 367 935 396 er
958 353 1131 396 daaruit
1156 353 1493 409 moeilijkheden
1519 367 1761 410 opgerezen

119 436 171 465 en
205 422 435 478 botsingen
465 428 670 468 ontstaan
694 425 902 469 tusschen
927 424 978 466 de
1002 423 1125 466 beide
1148 424 1427 479 Inquisities‘?
1449 424 1761 482 Ongetwijfeld

112 492 176 547 j3.‚
213 494 336 534 want
359 505 467 547 paus
489 492 688 537 Clemens
712 494 753 537 V
776 491 1074 548 verkondigde
1098 491 1267 535 weldra
1289 493 1593 549 omvangrijke
1622 497 1764 537 statu-

119 563 220 602 ten¹
247 573 315 601 om
337 560 389 602 de
413 561 827 617 kettervervolging
853 575 1036 604 nauwer
1071 566 1113 603 te
1138 561 1318 616 regelen
1354 575 1407 603 en
1432 574 1500 603 om
1525 562 1766 618 dergelijke

117 627 451 683 moeilijkheden
475 630 538 673 uit
564 631 647 673 den
671 643 770 686 weg
792 631 836 674 te
861 631 1047 674 ruimen.
1074 630 1144 671 Dit
1166 629 1431 684 geschiedde
1455 644 1507 685 op
1537 629 1608 674 het
1631 632 1765 687 Alge-

121 709 272 738 meene
292 697 482 741 Concilie
504 713 587 742 van
614 699 800 749 Vienne,
828 699 871 741 in
895 697 1140 743 November
1164 699 1296 748 1311,
1319 711 1442 741 waar
1463 702 1507 742 te
1542 700 1680 757 gelijk
1713 701 1766 744 de
1786 720 1788 722 ’

117 767 377 822 Beggarden
401 783 453 812 en
478 769 597 826 Begij
607 783 690 812 nen
713 782 764 814 βω
787 768 995 813 cathedra
1018 769 1275 813 verketterd
1301 769 1499 813 werden.

177 838 235 879 De
259 850 364 892 paus
388 839 615 882 verklaart
638 852 708 881 om
740 842 784 882 te
809 838 1044 894 beginnen,
1084 838 1159 881 dat
1184 839 1310 881 velen
1335 837 1390 895 bij
1420 839 1520 881 hem
1545 835 1766 895 geklaagd

117 904 288 948 hebben
311 920 417 949 over
439 907 491 950 de
508 907 809 963 handelingen
832 907 910 950 der
931 906 1174 963 pauselijke
1200 906 1497 962 inquisiteurs,
1524 906 1590 949 die
1617 905 1767 948 hunne

117 977 263 1020 macht
296 976 621 1032 overschrijden
647 989 701 1018 en
737 975 1054 1030 onschuldigen
1089 979 1403 1019 verontrusten
1425 979 1456 1019 ².
1481 976 1667 1018 Daarom
1690 974 1764 1016 wil

119 1048 179 1105 hij
215 1049 265 1090 de
297 1047 524 1103 Inquisitie
558 1047 864 1090 herinrichten
898 1050 985 1090 met
1019 1047 1094 1089 het
1129 1060 1213 1102 oog
1246 1060 1298 1102 op
1332 1046 1385 1089 de
1422 1043 1767 1100 wederzijdsche

118 1117 301 1160 rechten
334 1131 387 1159 en
421 1117 677 1172 onderlinge
712 1115 1067 1171 samenwerking
1100 1128 1184 1158 van
1218 1114 1508 1171 bisschoppen
1533 1127 1586 1156 en
1609 1125 1768 1169 pause-

118 1186 221 1242 lijke
245 1185 552 1241 inquisiteurs.

180 1254 345 1297 Beiden
379 1268 535 1310 mogen
568 1254 620 1296 de
655 1254 924 1297 verdachten
965 1253 1256 1311 afzonderlijk
1291 1253 1450 1309 dagen,
1481 1250 1763 1302 aanhouden‚

121 1323 339 1366 kerkeren
363 1337 413 1366 en
436 1323 691 1378 rechterlijk
712 1323 963 1379 vervolgen,
986 1336 1039 1378 op
1057 1323 1146 1365 hun
1173 1327 1378 1378 geweten
1398 1319 1437 1374 3;
1464 1334 1587 1364 maar
1609 1319 1768 1364 verder

122 1396 295 1435 moeten
317 1393 369 1449 zij
396 1392 680 1447 eendrachtig
713 1391 1002 1448 gezamenlijk
1025 1394 1069 1434 te
1108 1391 1233 1433 werk
1273 1405 1407 1446 gaam
1446 1390 1610 1433 slechts
1634 1389 1770 1432 nadat

123 1462 174 1517 zij
219 1464 263 1504 te
300 1460 500 1516 vergeefs
538 1460 772 1503 elkanders
813 1460 1141 1516 medewerking
1189 1460 1440 1516 gedurende
1483 1460 1587 1502 aoht
1626 1459 1768 1513 dagen

124 1529 293 1572 hebben
324 1529 606 1585 ingeroepen‚
633 1528 815 1572 kunnen
849 1529 900 1585 zij
936 1528 1224 1585 afzonderlijk
1258 1529 1309 1571 de
1337 1528 1604 1571 verdachlen
1638 1527 1682 1569 in
1718 1527 1772 1568 de

125 1602 306 1653 strenge
330 1599 601 1654 gevangenis
625 1609 789 1651 (carcer
811 1598 966 1650 durus)
996 1611 1193 1654 werpen,
1221 1611 1273 1652 op
1296 1597 1349 1640 de
1374 1597 1429 1653 pij
1440 1596 1586 1639 nbank
1611 1596 1771 1651 leggen

125 1682 179 1711 en
204 1668 455 1718 vonnissen,
483 1667 535 1710 de
567 1667 769 1722 bisschop
802 1667 966 1710 zonder
998 1667 1081 1709 den
1107 1666 1382 1722 pauselijken
1412 1666 1690 1721 inquisiteur‚
1720 1664 1773 1707 de

125 1736 386 1792 inquisiteur
416 1736 577 1779 zonder
609 1736 693 1778 den
716 1735 919 1792 bisschop
953 1735 999 1778 of
1027 1735 1189 1778 zonder
1222 1735 1368 1793 ziJnen
1399 1734 1581 1777 officiaal
1615 1733 1664 1776 of
1679 1731 1775 1777 sede

125 1809 305 1849 vacante
335 1806 497 1848 zonder
534 1806 617 1848 den
651 1804 992 1861 afgevaardigde
1030 1817 1118 1847 van
1161 1805 1238 1847 het
1280 1804 1487 1860 kapittel.
1527 1802 1691 1847 Willen
1733 1801 1780 1844 of

127 1873 305 1917 kunnen
330 1874 382 1930 zij
407 1874 450 1916 in
474 1887 658 1930 persoon
693 1874 783 1917 niet
810 1873 1161 1924 samenwerken,
1199 1873 1283 1916 dan
1317 1873 1458 1916 zullen
1484 1872 1537 1929 zij
1564 1871 1776 1914 elkander

129 1941 392 1999 schriftelijk
431 1943 521 1986 hun
562 1942 737 1986 oordeel
771 1942 1019 1985 meedeelen
1044 1942 1093 1984 of
1110 1941 1330 1985 volmacht
1353 1942 1608 1984 verleenen.

175 2138 188 2161 1
215 2134 496 2170 Constitutiones
522 2135 783 2176 Clementinae,
810 2136 892 2169 Lib.
910 2136 954 2178 V,
974 2136 1047 2169 Tit.
1075 2136 1155 2179 1113
1184 2137 1324 2180 Corpus
1348 2137 1378 2177 I,
1399 2136 1468 2169 blz.
1498 2135 1655 2169 163-167.
1677 2137 1774 2169 Deze

131 2191 297 2224 statuten
314 2200 384 2224 van
410 2191 626 2225 November
651 2190 733 2223 1311
760 2192 912 2225 werden
936 2191 1076 2225 slechts
1100 2192 1139 2224 in
1164 2191 1328 2225 October
1354 2191 1439 2223 1317
1463 2193 1558 2225 door
1581 2191 1607 2224 's
1631 2200 1774 2233 pausen

131 2245 313 2288 opvolger
327 2246 350 2278 J
355 2246 523 2280 ohannes
538 2246 650 2280 XXII
671 2246 943 2289 afgekondigd.
964 2247 1067 2289 (Lea,
1084 2245 1238 2289 History
1256 2247 1301 2290 of
1312 2246 1371 2281 the
1386 2246 1622 2291 Inquisition‚
1640 2246 1725 2280 deel
1743 2246 1775 2289 Ι,

132 2300 202 2333 blz.
219 2300 312 2343 424.)

174 2355 188 2377 2
213 2355 420 2389 Multorum
437 2356 592 2398 querela
609 2357 708 2390 sedis
726 2357 932 2399 apostolice
949 2357 1113 2399 pulsavit
1130 2357 1313 2398 auditum,
1333 2358 1433 2398 quod
1458 2356 1631 2391 nonnulli
1647 2356 1776 2398 inqui-

133 2410 269 2444 sitores
293 2420 362 2453 per
386 2411 514 2444 sedem
539 2412 699 2445 eandem
723 2413 856 2445 contra
880 2412 1107 2453 pravitatem
1131 2412 1341 2445 hereticam
1366 2412 1537 2454 deputati
1560 2412 1681 2446 metas
1702 2411 1775 2444 sibi

133 2466 292 2499 traditas
317 2467 564 2500 extendentes
589 2467 642 2499 sic
666 2467 857 2500 interdum
882 2467 1069 2500 excedunt
1093 2476 1158 2501 suo
1183 2467 1402 2509 protestatis
1419 2468 1600 2508 officium,
1617 2467 1659 2500 ut
1675 2467 1776 2508 quod

131 2521 170 2553 in
196 2522 442 2564 augmentum
466 2521 553 2555 fidoi
577 2531 646 2564 per
669 2522 981 2564 circumspectam
1005 2523 1176 2564 ejusdem
1192 2523 1290 2556 sedis
1308 2522 1547 2566 vigilantiam
1571 2522 1777 2555 salubriter

134 2577 191 2609 est
217 2576 422 2618 provisum,
448 2577 537 2609 dum
564 2578 632 2609 sub
660 2577 814 2619 pietatis
841 2578 968 2619 specie
992 2579 1200 2620 gravantur
1223 2578 1382 2616 innoxii,
1409 2578 1518 2611 cedat
1541 2577 1581 2610 in
1605 2576 1775 2610 fidelium

133 2631 415 2664 detrimentum.
447 2650 487 2655 -
517 2632 594 2672 Zie,
623 2641 714 2666 over
745 2633 790 2666 de
822 2632 1001 2666 klachten
1017 2633 1067 2674 bij
1101 2633 1173 2666 den
1191 2642 1284 2675 paus
1300 2633 1530 2676 ingekomen
1554 2632 1776 2675 aangaande

134 2686 179 2718 de
196 2685 412 2719 wreedheid
441 2686 509 2719 der
539 2687 787 2728 inquisiteurs
813 2696 884 2720 van
917 2686 1174 2720 Carcassonne
1191 2696 1238 2720 cn
1256 2686 1321 2721 het
1339 2686 1552 2720 onderzoek
1569 2686 1701 2720 aldaar
1717 2687 1777 2719 ter

132 2740 277 2780 plaatse
301 2741 339 2773 in
365 2739 451 2772 1306
474 2750 522 2782 op
547 2740 574 2773 's
591 2750 734 2783 pausen
750 2741 859 2776 bevel
884 2741 1085 2784 ingesteld‚
1113 2742 1203 2784 Lea,
1222 2742 1376 2785 History
1400 2740 1515 2786 ofthe
1537 2740 1774 2785 Inquisition,

134 2795 217 2827 deel
236 2795 265 2834 Ι,
284 2795 355 2830 blz.
375 2795 451 2836 423,
469 2795 548 2828 424.

175 2853 190 2875 3
214 2850 329 2883 Citari
347 2852 384 2884 et
401 2852 592 2884 arrestare
617 2852 694 2886 sive
711 2861 847 2894 capere
864 2861 907 2885 ac
931 2852 1011 2885 tute
1029 2852 1199 2886 custodie
1215 2853 1446 2895 mancipare,
1464 2852 1640 2894 ponendo
1658 2851 1774 2885 etiam

132 2905 171 2937 in
200 2906 442 2947 compedibus
467 2905 523 2938 vel
553 2906 710 2938 manicis
734 2906 884 2946 ferreis,
910 2906 941 2938 si
965 2906 1021 2939 eis
1044 2906 1165 2939 visum
1182 2907 1299 2940 suerit
1322 2906 1550 2946 faciendum,
1569 2914 1684 2948 super
1701 2914 1774 2947 quo

132 2958 251 3000 ipsius
279 2960 549 2993 conscientiam
579 2969 794 3002 oneramus,
811 2969 958 2994 necnon
986 2961 1181 3003 inquirere
1210 2963 1343 2995 contra
1366 2960 1453 2994 illos
1477 2960 1524 2994 de
1548 2960 1683 3002 quibus
1707 2968 1776 3002 pro

134 3013 349 3055 hujusmodi
369 3014 539 3057 negociis
557 3015 762 3048 secundum
780 3015 902 3049 Deum
919 3015 957 3049 et
972 3015 1158 3057 justitiam
1175 3016 1313 3050 viderit
1337 3015 1530 3058 expedire.
