2008 3278
645 231 748 271 DER
783 232 973 272 EERSTE
1008 233 1328 275 GEESELAARS
1758 238 1800 277 81

159 341 480 388 voorschriften
513 357 567 386 en
603 356 690 386 van
728 357 865 400 geene
897 344 1108 389 andere¹.
1151 347 1210 389 De
1244 352 1387 393 eerste
1425 349 1542 405 grief
1575 354 1709 408 tegen
1746 353 1799 396 de

157 413 413 456 Geeselaars
433 425 541 463 waS,
562 412 636 454 dat
654 412 727 468 zij,
747 412 909 454 zonder
940 413 992 456 de
1013 415 1321 471 toestemming
1343 417 1422 460 der
1444 419 1565 461 Kerk
1585 419 1799 464 bekomen

157 481 270 523 noch
305 479 410 522 zelfs
443 480 663 535 gevraagd
697 483 741 523 te
774 479 959 531 hebben,
990 494 1096 523 eene
1129 482 1299 526 nieuwe
1332 486 1442 542 vrije
1477 486 1799 544 broederschap

157 547 330 592 hadden
355 548 582 603 opgericht
605 562 658 590 611
684 549 856 591 nieuwe
879 549 1396 608 godsdienstoefeningen
1423 556 1677 610 ingevoerd.
1711 557 1804 601 Met

159 631 240 660 een
265 629 370 673 paar
393 615 599 657 woorden
624 615 758 658 drukt
779 616 832 658 de
864 617 1045 659 monnik
1067 630 1152 660 van
1181 619 1402 664 Baudeloo
1426 622 1540 678 ziJne
1567 622 1803 680 afkeuring

159 686 222 729 uit
257 699 266 729 :
313 702 330 725 α
361 677 470 732 Quia
501 683 595 726 sine
624 684 887 727 auctoritate
919 685 1223 740 episcoporum
1257 688 1324 730 vel
1358 702 1468 744 pape
1501 689 1735 737 faciebant.
1775 709 1798 732 2>

159 754 284 796 Maar
307 752 547 795 bovendien
571 751 774 794 kwamen
800 751 852 794 de
871 751 1129 795 Geeselaars
1152 754 1195 796 in
1221 753 1397 812 botsing
1421 766 1508 801 met
1526 759 1579 802 de
1602 761 1725 803 Kerk
1749 775 1804 818 op

159 822 237 866 het
269 820 420 878 gebied
447 833 531 862 van
562 820 638 864 het
670 819 821 876 geloof
847 833 901 863 en
933 821 985 877 zij
1013 822 1192 864 werden
1227 824 1397 867 weldra
1429 829 1520 869 met
1552 827 1606 870 de
1635 829 1806 873 ketters

159 890 488 947 gelijkgesteld.

221 959 278 1001 Le
311 959 459 1002 Muisit
498 959 660 1003 vertelt
695 973 788 1010 0115,
831 959 916 1002 1106
949 963 994 1003 16
1026 961 1219 1004 Doornik
1253 962 1305 1005 de
1344 967 1489 1008 eerste
1527 979 1686 1022 sporen
1720 983 1806 1013 van

159 1027 336 1084 ketterij
383 1027 562 1069 werden
597 1027 781 1072 ontdekt
826 1028 870 1071 in
911 1028 988 1071 het
1030 1043 1232 1073 sermoen
1273 1044 1357 1074 van
1398 1033 1480 1075 den
1521 1036 1802 1092 predikheer,

159 1096 431 1138 aanvoerder
473 1095 550 1138 der
594 1096 813 1139 Luiksche
861 1097 1138 1143 Geeselaars.
1185 1100 1297 1142 Deze
1348 1103 1584 1157 vergeleek
1627 1105 1705 1148 het
1746 1121 1806 1149 nu

159 1168 353 1219 gestorte
376 1164 504 1208 bloed
527 1164 606 1206 der
623 1165 901 1221 boetelingen
926 1170 1014 1209 met
1036 1166 1112 1210 dat
1136 1181 1219 1209 van
1243 1168 1463 1220 Christus,
1484 1175 1709 1227 zeggende
1732 1175 1807 1218 dat

160 1232 307 1275 sedert
329 1232 406 1276 het
425 1233 638 1288 optreden
662 1247 744 1276 van
765 1234 849 1276 den
873 1234 1149 1290 Zaligmaker
1171 1249 1283 1291 geen
1304 1238 1449 1281 edeler
1467 1238 1591 1283 bloed
1608 1243 1809 1297 gevloeid

159 1299 246 1343 had
268 1300 352 1343 dan
377 1301 453 1343 dat
482 1301 559 1343 der
581 1301 841 1345 Geeselaars
857 1336 867 1353 ,
895 1316 947 1345 en
974 1316 1094 1345 meer
1117 1305 1279 1347 andere
1304 1307 1544 1352 verdachte
1570 1310 1808 1367 stellingen

162 1369 458 1426 verkondigde
490 1369 571 1426 hij,
599 1370 763 1426 terwijl
795 1370 1155 1428 achterdochtige
1177 1375 1466 1432 geestelijken
1491 1391 1540 1419 er
1571 1381 1810 1423 aanteeke·

161 1437 325 1493 ningen
359 1451 465 1481 over
497 1452 673 1490 namen,
698 1439 837 1482 onder
868 1440 956 1497 zijn
980 1453 1179 1484 sermoen
1204 1439 1234 1484 ².
1270 1444 1330 1484 De
1364 1447 1622 1502 ontroering
1654 1449 1698 1490 in
1722 1449 1806 1491 den

163 1505 315 1549 5611001
337 1505 415 1548 (161
438 1506 736 1549 Doorniksche
760 1507 871 1550 kerk
896 1521 990 1550 was
1011 1522 1088 1551 zoo
1107 1517 1233 1565 groot
1253 1518 1463 1566 geweest,
1492 1514 1567 1558 dat
1585 1517 1637 1558 de
1660 1516 1804 1560 deken

164 1590 218 1619 en
241 1576 317 1620 het
339 1577 524 1633 kapittel
558 1578 636 1620 der
658 1578 921 1632 hoofdkerk,
956 1579 1024 1622 die
1047 1580 1100 1622 de
1133 1580 1498 1641 bisschoppelijke
1522 1587 1684 1639 macht,
1712 1588 1808 1632 sede

163 1651 356 1697 vacante,
386 1646 680 1698 uitoefenden‚
708 1661 814 1690 eene
837 1653 991 1703 groote
1015 1650 1309 1707 vergadering
1335 1666 1419 1694 van
1449 1655 1543 1696 veel
1567 1657 1806 1701 monniken

164 1727 218 1756 en
242 1715 336 1756 veel
354 1728 588 1757 voorname
613 1729 830 1770 personen
855 1716 1150 1773 bijeenriepen
1174 1732 1243 1761 om
1266 1734 1373 1762 over
1396 1722 1472 1765 het
1495 1736 1694 1767 sermoen
1718 1740 1805 1770 van

164 1786 243 1828 den
263 1785 509 1829 Luikschen
529 1787 792 1842 predikheer
810 1793 854 1830 te
874 1789 1204 1845 beraadslagen.
1228 1792 1322 1834 Had
1339 1805 1438 1835 men
1458 1794 1510 1836 de
1527 1795 1808 1851 aangehitste

163 1854 354 1910 menigte
399 1856 486 1898 niet
524 1856 754 1911 gevreesd,
810 1857 894 1899 dan
928 1871 1007 1900 zou
1051 1872 1149 1901 men
1182 1859 1282 1902 hem
1327 1862 1459 1904 zeker
1493 1863 1537 1906 in
1577 1863 1808 1907 hechtenis

162 1935 376 1979 genomen
401 1923 571 1966 hebben
607 1937 675 1966 om
695 1925 796 1966 hem
829 1925 935 1967 door
957 1927 1009 1968 de
1032 1926 1395 1972 kettermeesters
1427 1934 1472 1974 te
1496 1932 1616 1975 161611
1650 1933 1807 1975 onder-

162 1991 325 2034 zoeken
349 2005 401 2034 611
428 1993 682 2048 ν61νο18611.
709 1993 768 2034 Τ6
805 1994 1032 2051 Valencijn
1067 2008 1120 2037 en
1153 2010 1207 2052 op
1230 1998 1395 2041 andere
1428 2000 1631 2055 plaatsen
1666 2006 1806 2044 moest

160 2060 213 2103 de
234 2060 568 2118 geestelitheid
590 2063 721 2116 168611
745 2062 821 2104 wil
853 2075 908 2104 en
942 2063 1058 2106 dank
1081 2064 1134 2107 de
1157 2066 1399 2110 verdachte
1433 2082 1692 2112 sermoenen
1717 2083 1801 2113 van

163 2130 245 2173 den
270 2130 520 2173 Luikschen
543 2130 808 2186 predikheer
829 2145 1020 2174 evenzoo
1043 2134 1290 2189 ongestraft
1314 2135 1435 2180 laten
1451 2136 1481 2180 ⁵.

206 2338 219 2360 ¹
242 2339 296 2372 Le
313 2338 444 2372 Muisit
462 2348 469 2370 ε
491 2339 653 2380 Propter
669 2338 866 2380 praedicta
882 2341 920 2372 61
942 2339 1017 2373 6116
1034 2349 1129 2381 quae
1147 2341 1314 2375 dictabat
1337 2343 1449 2383 ratio,
1468 2344 1540 2376 viri
1557 2344 1806 2378 ecclesiastici

163 2394 202 2428 61
218 2393 415 2436 regulares
433 2402 476 2426 ac
494 2393 666 2426 homines
691 2402 805 2426 sanae
829 2395 968 2428 mentis
986 2398 1024 2428 et
1040 2396 1155 2437 periti
1170 2397 1278 2437 Juxta
1295 2398 1408 2431 fidem
1426 2398 1653 2432 catholicam
1670 2402 1805 2442 opina-

162 2449 301 2482 bantur
318 2451 356 2482 et
373 2449 567 2488 tenebant,
588 2458 657 2490 pro
675 2457 719 2482 eo
738 2449 834 2490 quod
853 2449 1014 2483 ecclesia
1039 2460 1112 2483 non
1132 2455 1376 2486 consenserat
1392 2457 1429 2486 et
1446 2463 1608 2487 canones
1624 2455 1806 2496 prohibe-

164 2503 266 2543 bant,
284 2504 427 2536 factum
452 2513 525 2535 non
551 2506 632 2536 erat
656 2505 956 2546 approbandum.
979 2506 1146 2547 Populus
1171 2510 1311 2549 autem,
1330 2509 1401 2540 viri
1427 2514 1464 2541 et
1480 2508 1661 2542 mulieres
1679 2510 1807 2552 Scrip-

163 2560 267 2590 turas
297 2558 529 2600 ignorantes,
564 2559 714 2592 nobiles
740 2561 779 2592 et
811 2559 1013 2601 ignobiles,
1044 2563 1185 2594 factum
1216 2562 1318 2595 ultra
1350 2563 1503 2595 modum
1531 2565 1806 2605 approbabant,

162 2612 326 2645 maxime
344 2613 383 2644 in
400 2613 622 2655 regionibus
639 2614 853 2647 antedictis.
872 2615 920 2647 Et
936 2616 990 2648 sic
1007 2620 1088 2648 erat
1106 2617 1291 2650 dissensio
1308 2618 1495 2650 mirabilis
1515 2624 1553 2650 et
1567 2619 1703 2651 inanis.

205 2666 219 2688 ²
244 2667 297 2700 Le
313 2667 443 2700 Muisit
463 2677 470 2699 :
490 2667 684 2709 Multaque
700 2669 777 2701 alia
793 2671 992 2711 proposuit
1009 2679 1180 2704 errorem
1198 2673 1408 2714 tangentia,
1428 2675 1466 2706 ct
1482 2672 1553 2706 hoc
1571 2674 1806 2716 scripserunt

163 2720 281 2763 aliqui
307 2721 372 2764 qui
397 2726 615 2763 praesentes
639 2724 876 2757 assistebant.
896 2743 940 2749 —
957 2724 1039 2758 Ook
1065 2735 1111 2768 op
1137 2726 1201 2759 het
1224 2728 1333 2760 einde
1356 2728 1424 2760 der
1448 2737 1554 2761 eeuw
1578 2738 1665 2762 nam
1690 2730 1805 2762 Geert

163 2776 303 2811 Groote
327 2776 434 2810 aldus
463 2778 793 2821 aanteekeningen
821 2780 1040 2822 gedurende
1065 2781 1267 2815 verdachte
1295 2791 1519 2816 sermoenen
1548 2793 1610 2816 om
1637 2793 1680 2816 er
1706 2783 1805 2817 later

163 2831 235 2864 den
252 2832 432 2873 prediker
448 2834 508 2866 ter
523 2834 858 2877 verantwoording
872 2844 965 2868 voor
993 2844 1039 2878 op
1057 2838 1094 2869 te
1111 2845 1264 2878 roepen.
1285 2837 1348 2870 Zie
1372 2838 1509 2872 verder
1524 2837 1590 2872 het
1605 2838 1716 2882 geval
1732 2847 1805 2872 van

164 2886 325 2920 broeder
341 2887 657 2921 Bartholomaeus
673 2889 713 2922 in
730 2889 796 2922 het
812 2890 960 2924 bisdom
977 2891 1138 2925 Utrecht
1155 2892 1365 2926 omstreeks
1385 2892 1480 2926 1380.

205 2939 219 2962 ³
242 2941 295 2975 Le
313 2941 444 2976 Muisit
458 2951 466 2975 :
482 2943 656 2977 Decanus
674 2945 802 2979 autem
819 2946 858 2979 et
874 2945 1082 2989 capitulum
1099 2948 1176 2989 qui,
1191 2948 1280 2981 sede
1297 2950 1467 2992 vacante,
1482 2950 1590 2983 erant
1607 2949 1804 2991 ordinarii,

1651 3025 1673 3059 6
