2008 3278
671 235 774 269 DER
808 234 1120 270 GEESELAARS
1159 236 1213 269 IN
1250 235 1334 268 1349
1772 237 1815 269 73

257 345 590 402 Voorafgegaan
626 358 709 388 van
747 344 885 397 kruis,
931 359 1074 388 vanen
1109 359 1161 388 en
1193 345 1495 398 waskaarsen‚
1528 347 1736 390 vormden
1770 348 1821 405 zij

193 427 330 458 eenen
356 417 474 458 stoet
497 427 604 457 naar
626 413 678 457 de
700 427 839 470 opene
870 414 1025 470 plaats,
1054 428 1176 457 waar
1206 415 1258 472 zij
1285 415 1379 458 zich
1400 415 1566 459 zouden
1601 416 1820 472 geeselen,

192 484 383 540 hetgeen
420 483 470 540 zij
510 483 741 526 tweemaal
774 483 806 526 ’s
838 483 970 539 daags
994 483 1148 535 deden,
1186 498 1239 526 en
1268 484 1475 527 driemaal
1507 484 1539 527 ‘s
1576 485 1769 542 vrijdags
1790 489 1819 530 ¹.

189 553 303 595 Daar
336 552 578 595 schaarden
602 552 655 609 zij
681 551 776 595 zich
814 551 858 594 in
897 565 1032 594 eenen
1070 552 1201 609 kring
1239 567 1291 595 en
1325 553 1636 610 herbegonnen
1668 555 1819 598 hunne

169 621 446 679 ·geestelijke
472 621 662 664 liederen
685 624 729 664 te
751 620 925 676 zingen,
953 621 1116 677 terwijl
1138 621 1192 679 zij
1217 622 1312 664 zich
1335 636 1388 678 op
1413 623 1464 665 de
1488 627 1604 666 maat
1638 636 1722 667 van
1745 625 1824 667 het

186 702 356 746 gezang
388 689 599 745 bewogen
640 703 693 732 en
726 689 959 745 geeselden
982 686 1013 733 ².
1061 689 1228 733 Enkele
1272 704 1570 747 voorzangers
1611 692 1746 749 (twee
1779 693 1824 736 in

185 759 320 814 getal,
355 763 456 814 zegt
488 759 564 800 het
597 759 706 802 Boeo
736 770 821 802 van
852 756 928 801 der
967 757 1159 803 Wraken
1192 773 1278 803 van
1310 760 1363 803 de
1395 759 1685 813 Brabanders‚
1728 761 1820 804 vier

185 830 288 884 zegt
309 825 475 871 Robert
498 840 583 869 van
606 826 854 883 Avesbury‚
877 827 1120 882 sprekende
1139 842 1225 871 van
1244 828 1297 871 de
1319 830 1535 872 Zeeuwen
1560 844 1613 873 en
1637 830 1818 874 Hollan-

187 896 287 939 ders
304 899 350 939 te
368 895 565 951 Londen)
577 895 734 938 hieven
752 895 804 938 de
821 896 1004 939 melodie
1020 910 1122 947 aan,
1137 910 1190 939 en
1209 897 1261 940 de
1279 898 1486 954 overigen
1502 900 1820 943 antwoordden

187 965 230 1008 in
254 964 362 1007 koor
378 962 410 1007 ³.
438 964 632 1020 Volgens
657 964 874 1007 Boendale
897 965 1108 1008 noemden
1139 964 1192 1022 zij
1226 966 1325 1009 dien
1349 967 1609 1023 geeselzang
1639 985 1657 1008 ι
1681 968 1821 1012 Onser

186 1034 409 1077 Vrouwen
441 1032 506 1075 lof
524 1034 539 1056 ⁴
563 1050 606 1076 ι».
645 1033 696 1075 In
730 1033 807 1076 het
839 1032 950 1078 Boeo
979 1047 1065 1078 vem
1096 1033 1171 1078 der
1214 1034 1402 1078 Wraken
1436 1036 1536 1079 heet
1577 1037 1683 1080 het:
1729 1055 1747 1078 α
1770 1039 1821 1082 In

187 1101 388 1146 Dietsche
414 1101 584 1144 hadden
608 1101 645 1143 si
669 1115 781 1144 enen
805 1115 924 1154 sane,
957 1104 963 1159 Ι
992 1103 1075 1145 wel
1099 1104 1344 1159 ghemaeet,
1373 1105 1550 1161 redelijc
1572 1105 1685 1158 lanc,
1717 1106 1725 1162 1
1752 1106 1820 1150 die

185 1184 238 1227 op
259 1171 379 1214 Gode
402 1170 492 1226 riep
514 1174 602 1213 met
625 1174 774 1213 ernste
795 1175 938 1226 groot,
972 1172 978 1226 Ι
1007 1172 1081 1215 dat
1108 1173 1212 1215 Hise
1236 1173 1373 1215 hoede
1407 1174 1572 1216 vander
1604 1174 1766 1230 gadoot
1792 1195 1808 1213 ι

187 1239 376 1296 (subiete
398 1239 508 1283 dood
531 1237 584 1296 ⁵).
610 1239 833 1282 Froissart
853 1245 969 1296 zegt,
1005 1241 1079 1284 dat
1109 1242 1162 1299 zij
1199 1242 1410 1285 roerende
1433 1243 1625 1286 liederen
1651 1257 1734 1286 van
1758 1244 1810 1287 de

190 1307 400 1364 geboorte
422 1321 475 1351 en
500 1321 584 1351 van
606 1307 682 1350 het
706 1308 838 1363 heilig
861 1309 990 1365 lijden
1015 1323 1100 1352 van
1118 1309 1317 1353 Christus
1342 1323 1511 1366 zongen
1530 1315 1560 1354 δ’.

246 1376 556 1421 Brokstukken
580 1376 642 1421 uit
665 1376 718 1420 de
739 1377 1093 1422 Nederlandsche
1117 1393 1170 1421 en
1190 1379 1428 1423 Waalsche
1442 1392 1665 1437 gezangen
1686 1394 1819 1424 onzer

223 1637 236 1660 1
251 1630 375 1665 Jehan
398 1630 434 1664 le
451 1631 543 1664 Bel:
571 1631 679 1665 Deux
702 1632 776 1665 fois
799 1631 963 1666 chascun
984 1633 1085 1675 jour.
1111 1651 1154 1658 —
1177 1633 1324 1668 Robert
1347 1643 1419 1668 van
1443 1635 1637 1679 Avesbury
1655 1645 1664 1668 z
1685 1637 1751 1670 Bis
1777 1637 1818 1671 in

179 1685 252 1719 die.
284 1704 323 1710 —
348 1686 444 1719 Boeo
467 1695 542 1718 van
567 1684 634 1719 der
665 1685 845 1729 Wraken,
869 1686 953 1720 deel
978 1686 1049 1729 ΙΙΙ,
1074 1698 1106 1719 v.
1131 1686 1345 1721 2035-2038:
1372 1690 1437 1722 Dit
1461 1691 1580 1724 daden
1604 1691 1649 1733 si,
1677 1693 1817 1726 sonder

176 1740 307 1783 saghe‚
321 1740 332 1782 Ι
347 1742 443 1773 twee
459 1741 554 1774 werf
570 1741 609 1773 in
626 1740 738 1774 elken
755 1741 892 1784 daghe,
906 1742 915 1782 l
933 1742 1029 1775 ende
1042 1743 1094 1784 iij.
1114 1744 1210 1776 werf
1225 1747 1339 1785 opten
1357 1744 1522 1778 vridach.
1535 1746 1545 1787 l
1565 1745 1629 1779 Dit
1653 1748 1750 1780 weet
1782 1748 1818 1780 ic

183 1795 267 1834 wel,
286 1796 387 1828 want
402 1795 455 1827 ict
472 1795 572 1828 sach.

225 1850 240 1872 2
257 1850 321 1884 Dit
348 1850 438 1884 doet
463 1859 534 1884 aan
562 1850 608 1884 de
637 1851 864 1894 oeteningen
892 1853 970 1885 met
996 1860 1091 1895 zang
1118 1862 1188 1886 van
1218 1862 1307 1887 onzc
1330 1853 1642 1899 hedendaagsche
1666 1857 1816 1891 turners

184 1904 346 1939 denken.

222 1964 238 1988 3
254 1960 306 1994 Le
322 1960 453 1994 Muisit
468 1971 475 1992 :
491 1960 539 1993 Et
555 1961 787 2003 incipiebant
803 1963 930 1996 facere
946 1962 1142 2003 circulum,
1157 1964 1196 1996 et
1211 1963 1401 1998 habebant
1418 1965 1644 2000 cantilenam
1661 1967 1811 2002 ordina-

180 2016 257 2048 tam
274 2015 479 2048 secundum
496 2025 604 2049 suum
621 2016 773 2056 idioma,
792 2026 904 2058 quam
927 2017 1156 2051 cantilenam
1180 2018 1413 2061 incipiebant
1438 2021 1612 2055 cantores
1636 2023 1813 2063 ordinati,

179 2071 341 2104 caeteris
357 2079 433 2104 nna
449 2081 538 2104 vocc
563 2072 890 2114 respondentibus,
909 2074 946 2106 et
970 2074 1160 2107 faciebant
1183 2075 1367 2108 circulum
1391 2077 1576 2109 cantando
1601 2078 1639 2111 et
1662 2086 1813 2120 respon-

180 2126 315 2165 dendo,
335 2127 373 2158 et
395 2127 569 2159 cantores
592 2128 631 2159 et
653 2127 924 2168 respondentes
949 2136 988 2160 se
1012 2129 1259 2163 verberandO.
1277 2147 1320 2153 —
1343 2130 1490 2164 Robert
1506 2141 1576 2165 van
1592 2132 1813 2175 Avesbury:

177 2180 352 2223 Ipsorum
380 2183 543 2223 quatuor
572 2183 810 2215 cantantibus
843 2183 881 2215 in
913 2184 1093 2217 idiomate
1126 2186 1294 2228 proprio,
1328 2188 1466 2220 ceteris
1497 2188 1670 2221 omnibus
1703 2189 1813 2222 dictis

177 2236 341 2278 quatuor
366 2237 681 2278 respondentibus
711 2237 757 2270 ad
787 2238 941 2271 modum
967 2238 1131 2273 letaniae
1159 2249 1182 2273 a
1212 2240 1441 2275 christicolis
1474 2243 1743 2277 decantandae.
1771 2263 1814 2269 —

176 2290 435 2334 Gelijktijdige
451 2291 651 2334 vervolger
666 2302 712 2334 op
731 2292 944 2327 Guillaumc
968 2294 1015 2327 de
1039 2295 1208 2338 Nangis:
1234 2295 1480 2330 circulariter
1504 2299 1647 2340 seipsos
1672 2299 1812 2333 aculeis

176 2345 388 2389 affligentes
404 2346 600 2388 jubilando
618 2347 770 2380 vocibus
787 2347 958 2382 altisonis
975 2350 1012 2382 et
1028 2351 1214 2383 cantando
1235 2350 1443 2385 cantilenas
1460 2361 1526 2385 suo
1543 2354 1636 2386 ritui
1652 2355 1758 2396 aptas
1775 2357 1814 2389 et

178 2402 325 2435 noviter
343 2402 576 2435 adinventas.
592 2420 636 2426 —
650 2403 747 2436 Boec
763 2413 837 2436 van
853 2403 921 2437 der
943 2404 1122 2445 Wraken,
1140 2405 1224 2439 deel
1241 2405 1312 2448 III,
1331 2416 1364 2439 v.
1384 2407 1573 2440 1999-2002
1588 2419 1595 2441 :
1616 2410 1712 2443 Dien
1729 2420 1811 2444 son-

179 2455 282 2499 ghen
309 2457 340 2489 si
369 2457 406 2498 ij.
433 2465 562 2498 voren,
591 2459 600 2499 t
624 2457 689 2490 dat
711 2460 815 2491 ment
838 2467 947 2492 verre
969 2459 1119 2492 mochte
1141 2459 1279 2501 horen3
1305 2459 1319 2502 l
1341 2461 1437 2495 ende
1461 2462 1503 2504 sij
1530 2463 1700 2506 songhen
1737 2464 1811 2499 alle

178 2519 284 2553 nare,
300 2511 310 2552 l
327 2512 384 2544 oft
399 2519 468 2544 ene
486 2510 618 2545 litanie
635 2521 747 2546 ware.

220 2571 233 2593 ⁴
260 2566 378 2599 VVaer
405 2566 437 2598 si
465 2574 624 2607 quamen
653 2568 791 2600 metter
818 2568 938 2610 spoet,
966 2568 980 2611 l
1005 2578 1149 2612 songen
1177 2569 1209 2602 si
1237 2569 1311 2603 alle
1339 2578 1435 2604 enen
1463 2579 1565 2614 sane,
1592 2572 1605 2615 l
1633 2573 1693 2606 die
1724 2573 1811 2608 hem

175 2620 395 2664 gheduerde
412 2629 505 2654 even
522 2620 606 2653 lanc
623 2622 632 2661 j
650 2622 714 2654 dat
731 2622 762 2655 si
780 2621 866 2656 hem
883 2625 961 2656 mct
977 2623 1181 2666 gheeselen
1201 2624 1424 2668 sloeghen...
1439 2625 1452 2668 l
1466 2627 1561 2661 ende
1578 2628 1665 2662 dien
1682 2628 1810 2663 hieten

174 2675 206 2707 si
224 2674 346 2708 Onser
361 2675 549 2707 Vrouwen
565 2674 630 2708 lof.

215 2729 229 2751 5
249 2729 344 2763 Boeo
366 2740 441 2763 van
465 2728 533 2762 der
563 2729 743 2771 W'raken,
768 2731 851 2765 deel
877 2732 946 2773 ΙΙΙ,
974 2743 1006 2766 v.
1035 2733 1232 2765 1995-1998.
1260 2752 1302 2757 —
1327 2734 1369 2767 In
1394 2734 1459 2768 het
1483 2735 1558 2769 lied
1582 2737 1648 2770 der
1672 2737 1808 2772 Neder-

174 2784 353 2818 landsche
378 2784 599 2818 Geeselaars
622 2785 759 2819 komen
783 2787 987 2821 inderdaad
1013 2789 1058 2821 de
1075 2788 1259 2831 volgende
1276 2798 1409 2822 verzen
1427 2800 1540 2823 voor:
1563 2805 1579 2818 u
1596 2792 1720 2834 Jesus,
1739 2795 1808 2826 dor

172 2840 259 2873 dine
277 2841 437 2873 wunden
454 2840 537 2880 rod,
554 2843 563 2881 l
581 2840 703 2873 behod
719 2851 790 2874 uns
806 2851 877 2874 von
897 2843 966 2876 den
983 2843 1108 2886 gehen
1126 2843 1197 2876 dod
1213 2859 1242 2874 w.

218 2896 233 2918 6
248 2894 297 2928 Et
323 2894 554 2936 chantoient,
582 2903 630 2928 en
653 2896 792 2929 faisant
815 2896 891 2930 lors
918 2898 1150 2940 penitenceS,
1179 2907 1339 2942 cancons
1366 2899 1486 2934 moult
1509 2901 1675 2945 piteuses
1700 2903 1747 2937 de
1770 2902 1807 2936 la

181 2949 348 2983 Nativite
374 2949 692 2993 Nostre-Signeur
708 2951 747 2984 et
762 2951 808 2985 de
825 2961 866 2985 sa
882 2952 1002 2986 sainte
1019 2954 1242 2987 souffrance.
