1976 3134
371 346 434 381 DE
472 346 750 387 INQUISI'I'IE
788 346 855 381 EN
896 345 960 380 DE
999 345 1367 381 WERELDLIJKE
1408 345 1579 380 MACHT
1734 346 1797 381 179

159 456 376 502 hetzelfde
421 456 630 501 aanbeeld
674 460 719 501 te
762 457 885 501 slaan
929 456 983 514 bij
1024 457 1076 500 de
1108 457 1382 513 wereldlijke
1425 456 1676 500 overheden
1718 456 1795 500 der

159 525 366 569 Duitsche
390 525 565 568 landen.

218 593 268 636 In
292 593 406 637 1372
424 595 492 636 zet
513 592 752 648 Gregorius
774 593 838 635 XI
861 592 944 636 den
968 593 1115 636 keizer
1134 606 1187 635 en
1208 592 1260 635 de
1278 592 1568 649 rijksvorsten
1593 593 1796 649 opnieuw

159 674 243 704 aan
274 674 342 703 om
375 661 426 704 de
459 661 740 716 inquisiteurs
774 661 979 717 krachtig
1011 664 1055 704 te
1083 665 1271 704 steunen
1291 659 1330 712 ¹;
1363 662 1406 703 in
1429 661 1534 704 Juni
1563 661 1678 704 1400
1701 675 1801 704 ver-

159 729 306 773 klaart
327 729 574 773 Bonifacius
603 730 684 780 IX,
723 733 792 772 ter
812 729 1102 786 gelegenheid
1135 729 1213 772 der
1243 729 1464 774 volmacht
1497 742 1693 786 gegeven
1717 743 1801 773 aan

159 798 241 841 den
264 798 385 854 prior
407 798 678 854 provinciaal
711 798 789 841 der
823 798 1029 842 Duitsche
1063 797 1379 854 predikheeren
1414 811 1482 842 om
1518 812 1590 842 zes
1623 798 1802 854 inquisi-

158 870 281 910 teurs
312 880 396 909 aan
425 870 465 909 te
494 867 669 917 stellet),
695 866 771 910 dat
802 867 916 910 noch
950 866 1099 910 keizer
1128 866 1243 909 noch
1274 867 1442 922 koning
1476 867 1589 909 noch
1610 867 1694 909 wie
1719 866 1800 909 ook

159 935 238 978 der
269 934 540 991 wereldlijke
572 935 829 990 regeerders
862 934 976 992 zijne
1008 934 1371 978 kettermeesters
1410 948 1510 990 mag
1550 934 1800 978 dwarsboo-

162 1017 259 1046 men
279 1001 309 1054 ²,
336 1017 389 1046 en
414 1004 565 1059 eenige
598 1003 739 1058 dagen
770 1003 885 1046 later
906 1003 1110 1046 herhaalt
1133 1002 1325 1046 dezelfde
1347 1016 1453 1058 paus
1471 1003 1535 1045 dit
1557 1003 1680 1046 bevel
1718 1017 1804 1059 nog

163 1072 257 1114 veel
282 1071 649 1129 uitdrukkelijker
673 1072 714 1113 in
745 1071 857 1128 zijne
878 1070 952 1114 bul
977 1074 1046 1115 ter
1076 1071 1366 1128 aanbeveling
1395 1085 1479 1114 van
1505 1085 1642 1114 eenen
1667 1072 1806 1129 zijner

162 1140 440 1196 inquisiteurs
458 1138 489 1182 ³.
517 1141 582 1182 En
606 1140 696 1183 niet
728 1140 870 1182 alleen
903 1140 946 1183 in
981 1140 1032 1182 de
1066 1139 1272 1183 Duitsohe
1296 1140 1469 1189 landen,
1499 1154 1621 1183 maar
1652 1140 1734 1182 ook
1758 1141 1804 1182 in

163 1208 238 1252 het
271 1209 527 1266 koninkrijk
561 1208 800 1264 Frankrijk
833 1208 1014 1251 handelt
1047 1208 1099 1251 de
1133 1209 1189 1253 H.
1215 1208 1332 1252 Stoel
1367 1223 1572 1252 evenzoo.
1611 1209 1659 1250 In
1688 1208 1804 1251 1365

161 1277 334 1334 schrijft
357 1277 560 1320 Urbanus
584 1278 624 1321 V
646 1291 728 1321 aan
749 1277 801 1320 de
819 1277 1045 1320 Fransche
1070 1278 1268 1333 prelaten
1292 1291 1345 1319 en
1368 1278 1653 1332 inquisiteurs
1677 1290 1800 1328 voor,

162 1346 245 1389 den
279 1345 580 1402 wereldlijken
613 1360 707 1389 arm
742 1349 810 1389 ter
838 1344 942 1402 hulp
973 1350 1016 1398 ¹te
1049 1359 1208 1401 roepen
1230 1343 1265 1397 ⁴;
1305 1360 1359 1388 en
1392 1346 1434 1388 in
1460 1346 1574 1389 1373
1598 1346 1802 1388 wakkert

161 1414 401 1470 Gregorius
433 1415 498 1457 XI
529 1414 582 1457 de
622 1418 818 1467 vorsten,
859 1414 1010 1458 edelen
1044 1428 1098 1457 en
1131 1414 1359 1471 stedelijke
1392 1414 1682 1470 magistraten
1716 1428 1803 1457 van

161 1485 400 1543 Frankrijk
429 1499 483 1529 en
517 1499 602 1528 van
630 1486 682 1528 de
710 1485 1016 1530 Nederlanden
1048 1499 1147 1537 aan,
1175 1499 1244 1529 om
1276 1486 1328 1528 de
1361 1486 1646 1541 inquisiteurs
1679 1485 1725 1527 in
1751 1485 1803 1528 de

163 1555 397 1610 uitroeiing
420 1554 496 1597 der
519 1554 696 1611 ketterij
721 1558 764 1598 te
787 1555 945 1610 helpen
967 1558 998 1598 ⁵.

222 1624 281 1666 De
303 1622 526 1678 drukking
548 1623 625 1665 der
647 1623 785 1674 Kerk,
812 1623 1253 1680 vertegenwoordigd
1278 1623 1384 1666 door
1405 1623 1513 1666 haar
1537 1620 1802 1678 opperhoofd

160 1692 242 1734 den
266 1705 390 1748 paus,
416 1692 558 1734 wordt
580 1691 703 1734 aldus
727 1692 1075 1734 onloochenbaar
1100 1691 1378 1747 uitgeoefend
1403 1705 1455 1747 op
1481 1691 1522 1733 al
1546 1691 1598 1733 de
1616 1690 1802 1733 wereld-

163 1760 264 1817 lijke
302 1760 500 1803 maehten
536 1773 618 1802 aan
659 1760 710 1803 de
748 1759 871 1803 beide
903 1774 1058 1803 oevers
1092 1761 1169 1803 der
1200 1760 1383 1803 Schelde
1417 1760 1462 1802 in
1496 1773 1603 1802 onze
1635 1759 1801 1803 Neder-

164 1829 371 1872 landsche
393 1832 639 1885 gewesten.

221 1897 312 1941 001<
336 1897 429 1940 zien
454 1897 545 1954 wij,
573 1897 646 1940 dat
669 1897 720 1939 de
753 1896 1044 1954 gelijktijdige
1077 1896 1367 1939 handboeken
1392 1897 1469 1939 der
1501 1895 1798 1950 inquisiteurs,

162 1968 227 2010 als
256 1966 309 2009 de
329 1965 539 2009 Praclica
560 1963 879 2023 Inquisitionis
912 1966 968 2023 (o.
997 1966 1273 2022 1328-1330)
1303 1979 1387 2007 van
1422 1964 1672 2007 Bernardus
1695 1964 1801 2007 Gui-

162 2036 285 2086 donis
309 2048 362 2078 en
385 2035 462 2078 het
484 2034 780 2077 Direccoo·z'um
805 2035 861 2090 (e.
889 2035 1021 2091 1375)
1040 2048 1124 2077 van
1149 2035 1416 2091 Eymericus,
1443 2033 1565 2076 beide
1590 2032 1801 2076 beruchte

160 2104 456 2160 ketterjagers
474 2103 550 2146 der
573 2100 662 2145 141(ιο
685 2117 827 2154 eeuw,
849 2103 942 2146 niet
961 2103 1122 2146 zonder
1140 2103 1312 2146 invloed
1336 2103 1422 2160 ziJn
1447 2102 1657 2157 gebleven
1678 2115 1731 2157 op
1750 2102 1802 2145 de

161 2172 375 2216 schriften
414 2172 491 2214 der
530 2171 799 2228 wereldlijke
836 2172 1241 2228 rechtsgeleerden‚
1283 2171 1340 2228 bij
1380 2169 1615 2213 voorbeeld
1654 2184 1707 2225 op
1748 2171 1801 2213 de

161 2240 333 2285 Somme
371 2239 518 2284 Rural
549 2254 630 2283 van
666 2254 803 2283 onzen
841 2240 1170 2283 Doornikschen
1207 2241 1342 2296 jurist
1383 2241 1526 2283 Jehan
1574 2238 1801 2281 Boutillier

163 2309 214 2362 (†
243 2309 389 2367 1395),
410 2309 477 2352 die
495 2310 653 2365 langen
674 2309 749 2366 tijd
772 2309 1050 2365 toongevend
1070 2322 1163 2351 was
1187 2309 1227 2351 in
1254 2309 1328 2352 het
1346 2307 1604 2363 koninkrijk
1629 2307 1801 2350 Frank-

161 2377 247 2435 rijk
280 2392 334 2422 en
365 2379 409 2421 in
439 2391 546 2421 onze
577 2381 802 2434 gewesten
830 2391 884 2420 en
916 2377 983 2420 die
1016 2377 1059 2420 in
1087 2377 1201 2420 1479
1225 2382 1268 2421 te
1304 2379 1477 2433 Brugge
1512 2389 1596 2418 van
1623 2375 1675 2418 de
1697 2388 1798 2431 pers

206 2655 217 2678 ¹
241 2650 399 2684 Bzovius
415 2659 462 2684 en
478 2650 712 2692 RaynalduS,
729 2649 781 2684 ad
797 2661 963 2693 annum3
984 2650 1123 2694 Corpus
1139 2651 1170 2692 Ι,
1189 2651 1257 2683 blz.
1277 2650 1356 2685 225.

203 2709 217 2730 ²
242 2705 312 2739 Bul
330 2715 401 2738 van
417 2705 438 2737 5
452 2706 543 2739 Juni
564 2705 667 2746 14003
686 2705 885 2746 Mosheim,
903 2706 974 2739 blz.
989 2706 1154 2747 384-3863
1176 2706 1315 2749 Corpus
1330 2705 1361 2747 I,
1380 2705 1449 2738 blz.
1468 2704 1622 2738 258-259.

205 2761 219 2784 ³
243 2760 314 2794 Bul
331 2769 402 2793 van
421 2760 460 2791 18
476 2760 566 2792 Juni
586 2759 688 2801 1400;
707 2761 904 2800 Mosheim,
924 2761 981 2793 blz
1011 2760 1178 2802 225-2283
1199 2760 1336 2803 Corpus
1352 2760 1382 2801 Ι,
1401 2759 1470 2792 blz.
1491 2759 1649 2793 259-261.

205 2819 218 2841 ⁴
242 2814 477 2856 Raynaldus‚
494 2814 674 2856 Annales,
693 2815 775 2848 deel
794 2815 894 2856 XVI,
914 2815 982 2847 blz.
1000 2815 1167 2855 446-447;
1189 2816 1330 2857 Corpus
1346 2815 1376 2855 Ι,
1397 2814 1465 2846 blz.
1484 2813 1560 2846 206.

205 2874 218 2897 ⁵
242 2869 474 2911 Raynaldus‚
493 2868 673 2909 Annales,
691 2869 773 2903 deel
792 2870 892 2909 XVI,
910 2869 983 2902 blz.
1000 2869 1085 2911 5203
1108 2870 1247 2912 Corpus
1265 2869 1295 2908 Ι,
1315 2869 1384 2901 blz.
1403 2868 1487 2902 228:
1507 2870 1742 2912 (Gregorius)
1758 2870 1796 2902 in

162 2925 373 2966 pertinaces
402 2933 490 2956 vero
518 2925 713 2957 universos
740 2925 944 2966 principes,
974 2925 1125 2957 urbium
1163 2925 1408 2967 magistratus
1436 2933 1479 2957 ac
1507 2925 1608 2957 viros
1650 2924 1796 2957 nobiles

162 2979 327 3012 Francos
355 2979 567 3021 Belgasque
594 2979 657 3021 pio
685 2980 821 3012 ardore
849 2980 1034 3020 accendit,
1063 2981 1105 3012 ut
1132 2979 1178 3013 ad
1203 2979 1364 3012 delenda
1386 2979 1573 3021 ejusmodi
1596 2978 1796 3022 religionis

161 3033 365 3076 opprobria.
391 3033 556 3068 studium
580 3034 753 3076 viresque
776 3035 1005 3068 conterrent.
