1976 3134
650 115 754 154 DER
789 113 984 154 EERSTE
1021 114 1339 155 GEESELAARS
1768 120 1813 155 83

171 229 262 275 niet
284 229 491 274 aandurft
520 230 586 272 uit
607 241 734 271 vrees
757 241 866 271 voor
888 228 940 270 de
974 230 1181 284 menigte.
1217 230 1277 286 Zij
1304 230 1459 273 stellen
1484 231 1575 273 zich
1600 231 1681 273 ook
1714 232 1810 275 heel

171 302 289 342 stout
307 299 349 341 in
373 299 424 342 de
448 298 590 354 plaats
608 297 686 340 der
709 296 1060 353 geestelijkheid,
1087 299 1180 340 wat
1202 297 1278 340 het
1300 297 1520 354 begraven
1544 299 1620 341 der
1643 299 1807 342 dooden

171 366 350 418 betreft,
377 381 431 410 en
454 366 506 424 zij
533 366 785 409 verrichten
811 364 934 408 zelve
967 365 1018 408 de
1048 365 1463 422 lijkplechtigheden
1497 370 1586 410 met
1610 367 1734 411 kruis
1757 381 1811 411 en

171 435 470 486 waskaarsen‚
486 435 537 490 ja
558 438 702 477 zetten
724 433 775 476 de
799 433 1064 476 stervenden
1089 447 1170 475 aan
1193 447 1258 477 om
1285 435 1374 477 hun
1399 435 1536 490 giften
1556 449 1611 478 na
1631 439 1674 479 te
1692 436 1809 479 laten

172 517 224 546 en
251 503 343 546 niet
373 516 456 546 aan
487 502 539 544 de
571 501 880 558 geestelijken‚
918 502 971 544 de
1004 502 1272 557 godshuizen
1306 516 1359 545 en
1383 503 1467 545 den
1500 517 1636 556 arme,
1664 505 1811 547 zooals

173 584 373 626 vroeger.
400 570 647 627 Dergelijke
671 570 953 625 ongehoorde
979 570 1139 626 dingen
1165 584 1216 613 en
1241 584 1360 613 meer
1381 572 1543 613 andere
1565 571 1814 627 gebeurden

173 639 268 682 veel
305 643 348 682 te
380 639 594 689 Doornik,>
623 638 798 694 getuigt
830 637 890 695 hij
926 638 1100 692 verder,
1136 638 1179 681 in
1213 638 1297 682 den
1329 639 1491 683 advent
1523 637 1629 682 voor
1660 641 1815 684 Kerst-

175 708 261 763 dag
286 707 400 751 1349
418 706 451 752 ¹.

235 778 332 820 Van
378 776 520 834 zijnen
558 777 667 820 kant
711 777 873 820 vertelt
914 777 1132 820 Boendale
1175 791 1293 820 meer
1336 778 1497 821 andere
1544 779 1815 836 gevaarlijke

175 848 511 904 nieuwigheden
536 862 640 891 over
663 848 715 891 de
739 847 1014 900 Geeselaars,
1037 849 1104 891 die
1127 849 1187 905 hij
1207 849 1250 891 in
1273 849 1466 893 Brabant
1489 863 1571 892 aan
1590 850 1668 893 het
1690 851 1816 894 werk

173 933 271 976 zag.
299 919 362 975 Zij
399 919 707 971 verklaarden,
745 919 820 962 dat
855 919 907 976 zij
939 919 991 962 de
1013 919 1162 962 macht
1195 919 1368 963 hadden
1402 934 1469 963 om
1493 921 1545 963 de
1575 921 1813 965 bezetenen

173 1004 260 1033 van
285 990 369 1033 den
390 990 531 1032 duivel
557 992 601 1032 te
620 990 847 1033 verlossen
873 1003 925 1031 en
959 989 1034 1032 dat
1053 990 1106 1046 zij
1134 990 1275 1033 hierin
1300 991 1541 1047 machtiger
1561 1007 1706 1036 waren
1732 993 1816 1036 dan

176 1062 305 1118 eenig
336 1061 536 1118 priester.
574 1061 771 1104 Enkelen
807 1060 1080 1113 beweerden,
1109 1061 1183 1105 dat
1215 1062 1268 1118 zij
1304 1067 1392 1106 met
1415 1063 1508 1106 God
1542 1064 1739 1107 dronken
1763 1078 1817 1107 611

174 1138 296 1184 aten,
322 1132 396 1176 dat
417 1132 470 1189 zij
491 1139 578 1175 met
600 1133 649 1176 Ο.
678 1133 724 1174 L.
753 1134 919 1176 Vrouw
945 1131 1189 1188 gesproken
1216 1133 1407 1186 hadden‚
1436 1134 1510 1178 dat
1535 1135 1586 1191 zij
1613 1135 1705 1179 God
1728 1138 1818 1179 met

173 1203 287 1260 zijne
319 1202 516 1259 bloedige
538 1204 723 1245 wonden
749 1203 1047 1246 aanschouwd
1081 1203 1271 1255 hadden,
1299 1204 1366 1247 die
1399 1205 1492 1247 hun
1515 1204 1697 1248 bevolen
1730 1205 1817 1249 had

172 1272 266 1315 zich
284 1276 329 1315 te
346 1273 565 1328 geeselen.
580 1273 670 1315 Een
682 1272 819 1314 ander
838 1271 1096 1314 verklaarde
1117 1272 1180 1315 uit
1199 1272 1280 1314 den
1295 1273 1405 1316 dood
1425 1278 1468 1317 te
1485 1274 1570 1331 zijn
1585 1288 1810 1317 verrezen.

174 1340 234 1397 Zij
256 1340 525 1384 vertoonden
548 1354 627 1382 een
646 1340 836 1383 zilveren
861 1340 1001 1392 kruis‚
1024 1340 1097 1384 dat
1120 1341 1173 1398 zij
1195 1341 1359 1397 zegden
1383 1342 1489 1385 door
1507 1343 1556 1387 O.
1577 1344 1626 1386 L.
1649 1344 1816 1386 Vrouw

175 1409 381 1464 gemaakt
403 1413 446 1452 te
476 1410 560 1466 ziJn
586 1423 639 1452 en
671 1409 763 1451 hun
797 1409 902 1452 door
933 1409 1043 1452 haar
1066 1409 1130 1452 uit
1163 1409 1246 1452 den
1270 1410 1411 1452 hemel
1447 1411 1679 1467 gebracht,
1716 1425 1811 1454 enz.

184 1495 201 1517 α
235 1478 325 1520 Dus
350 1482 545 1520 maecten
576 1478 612 1519 si
635 1477 751 1520 tvolc
784 1478 824 1520 al
848 1476 975 1528 blint,
1009 1476 1015 1534 Ι
1047 1491 1169 1520 waer
1201 1478 1236 1520 si
1269 1491 1451 1533 quamen
1486 1480 1528 1522 al
1561 1480 1756 1532 omtrint,
1785 1479 1794 1532 Ι

175 1548 265 1587 met
297 1546 376 1588 dus
403 1546 633 1601 ghedanen
668 1545 877 1597 herisien,
907 1549 912 1593 Ι
939 1545 1012 1589 dat
1048 1547 1161 1589 tvolc
1193 1551 1281 1590 met
1313 1553 1468 1603 groten
1502 1550 1674 1604 partien
1701 1547 1707 1601 Ι
1733 1562 1814 1592 aen

175 1613 261 1656 hen
294 1614 450 1665 vielen,
485 1628 605 1657 waer
627 1615 662 1656 si
688 1628 891 1670 quamen.
921 1613 928 1666 Ι
954 1615 1042 1657 Dus
1065 1619 1208 1657 setten
1234 1616 1270 1657 si
1302 1615 1403 1659 hem
1426 1617 1512 1659 alle
1545 1622 1588 1660 te
1611 1621 1759 1660 samen
1785 1617 1793 1671 Ι

173 1682 331 1738 ieghen
356 1682 424 1726 die
442 1697 580 1738 papen
601 1697 685 1725 van
705 1683 782 1725 der
800 1682 986 1734 kerken,
1016 1681 1024 1736 Ι
1049 1687 1093 1726 te
1110 1683 1336 1727 lachteren
1355 1685 1432 1727 der
1448 1699 1587 1740 papen
1613 1685 1811 1739 werken,

195 1750 202 1804 Ι
243 1751 353 1794 ende
392 1751 521 1794 haers
564 1750 666 1794 selfs
699 1752 892 1808 prideen
925 1752 962 1794 si
999 1766 1095 1795 sere
1128 1749 1160 1796 ².
1199 1770 1215 1791 1>
1257 1754 1354 1809 Nog
1385 1753 1588 1797 beslister
1627 1760 1727 1810 zegt
1761 1755 1812 1798 de

171 1821 388 1865 Luiksche
421 1822 650 1865 kanunnik
680 1823 822 1866 Jehan
856 1823 897 1865 le
930 1824 1005 1866 Bel
1034 1837 1042 1866 :
1081 1840 1104 1863 «
1130 1824 1190 1866 Ilz
1213 1829 1390 1868 eussent
1424 1839 1532 1881 poeu
1567 1830 1724 1869 mettre
1756 1841 1811 1870 au

172 1893 348 1936 derrain
383 1894 551 1937 saincte
592 1894 761 1949 Esglise
804 1893 829 1937 a
870 1894 1160 1947 destruction;
1209 1898 1253 1938 et
1290 1897 1664 1940 commenchoient
1701 1898 1747 1954 ja
1783 1897 1808 1940 a

171 1961 433 2005 destourber
455 1963 493 2005 le
515 1962 679 2006 service
704 1967 745 2006 et
775 1963 838 2005 les
861 1962 1006 2006 offices
1031 1963 1083 2006 de
1108 1963 1274 2007 saincte
1295 1965 1483 2021 Esglise,
1521 1973 1565 2008 et
1588 1966 1810 2010 vouloient

173 2046 339 2076 aucuns
370 2033 604 2077 maintenir
633 2047 714 2089 par
735 2034 832 2077 leur
853 2034 962 2077 sotie
985 2047 1066 2090 que
1089 2034 1207 2077 leurs
1230 2035 1448 2079 chansons
1483 2039 1526 2080 et
1547 2037 1665 2080 leurs
1688 2051 1810 2095 sery-

214 2278 226 2301 ¹
251 2275 304 2308 Le
321 2273 475 2308 Muisit:
494 2272 538 2306 In
555 2272 720 2305 sabbatis
738 2273 776 2305 et
792 2271 831 2304 in
848 2272 955 2305 festis
972 2272 1012 2304 111
1029 2270 1240 2305 cathedrali
1259 2271 1301 2304 B.
1321 2271 1464 2306 Mariae
1482 2273 1520 2306 et
1536 2273 1574 2305 in
1593 2271 1677 2306 aliis
1695 2271 1810 2306 eccle-

169 2328 234 2362 siis
249 2329 393 2362 faciunt
418 2337 526 2361 suum
549 2328 666 2361 ritum
690 2335 803 2369 saepe
819 2326 1069 2368 impedientes
1086 2327 1213 2359 divina
1236 2326 1380 2368 officia;
1398 2336 1466 2360 nec
1491 2336 1513 2360 a
1536 2327 1638 2361 clero
1655 2330 1812 2369 possunt

169 2392 283 2425 super
306 2382 377 2415 hoc
401 2382 643 2424 reprehendi,
668 2381 757 2422 quia
789 2382 947 2422 propter
974 2381 1280 2413 communitatem
1308 2390 1382 2414 non
1411 2381 1605 2414 auderent.
1635 2383 1682 2415 Et
1710 2383 1809 2424 quod

168 2436 252 2479 plus
269 2438 339 2478 est,
357 2437 475 2470 crevit
492 2438 529 2469 et
545 2438 602 2469 est
617 2436 762 2468 novitas
785 2435 986 2475 mirabilis,
1005 2436 1093 2476 quia
1117 2435 1179 2467 isti
1204 2435 1442 2476 poenitentes
1467 2436 1641 2469 mirabile
1658 2437 1806 2479 incepe-

167 2493 267 2523 runt.
288 2491 384 2524 Nam
400 2490 563 2533 collegia
579 2494 616 2522 et
632 2490 766 2529 curati,
787 2489 996 2522 secundum
1013 2489 1113 2529 quod
1132 2490 1188 2521 cst
1212 2489 1437 2522 rationabile
1455 2492 1492 2522 et
1508 2493 1742 2531 consuetum,
1760 2493 1806 2525 ad

168 2554 328 2587 corpora
344 2545 514 2584 levanda,
532 2544 718 2587 portanda
733 2546 771 2577 et
790 2543 1012 2585 sepelienda
1029 2544 1210 2576 accedere
1228 2553 1302 2576 11011
1319 2546 1481 2585 oportet,
1500 2546 1588 2586 quia
1604 2547 1805 2580 societates

166 2600 442 2641 poenitentium
470 2608 555 2631 cum
583 2607 694 2632 cruce
724 2601 761 2632 et
790 2599 911 2631 cereis
941 2606 1101 2640 corpora
1128 2597 1268 2639 levant,
1296 2600 1448 2640 portant
1476 2602 1514 2632 et
1541 2600 1742 2642 sepeliunt,
1769 2603 1806 2634 et

167 2663 279 2697 saepe
303 2655 447 2687 inducti
462 2657 550 2689 sunt
566 2655 774 2687 morientes
798 2655 839 2686 ut
863 2653 1002 2686 talibus
1021 2654 1163 2685 donent
1179 2653 1276 2685 sicut
1293 2653 1388 2686 solet
1406 2654 1489 2686 fieri
1513 2656 1666 2697 curatis,
1685 2656 1808 2698 capel-

166 2708 277 2751 lanis,
306 2708 557 2751 hospitalibus
587 2711 624 2742 et
650 2709 891 2751 pauperibus.
924 2709 971 2742 Et
1004 2709 1124 2741 audeo
1152 2708 1293 2748 dicere,
1322 2709 1421 2750 quod
1455 2709 1494 2742 in
1526 2710 1687 2744 adventu
1719 2713 1806 2745 ante

167 2764 291 2798 natale
320 2764 472 2798 Domini
500 2773 598 2797 anno
624 2764 819 2806 praedicto
846 2764 919 2796 ista
945 2766 983 2797 et
1010 2763 1130 2796 multa.
1155 2762 1231 2796 alia
1255 2764 1396 2797 fiebant
1419 2764 1458 2798 111
1481 2764 1662 2799 Tornaco.

213 2821 227 2843 2
250 2817 504 2854 Brabamsche
527 2818 690 2862 Yeesten,
707 2818 791 2853 deel
807 2819 839 2862 Ι,
856 2818 927 2853 blz.
944 2818 1030 2861 5903
1050 2818 1187 2862 Corpm
1203 2819 1234 2860 1,
1253 2819 1321 2852 blz.
1342 2820 1414 2852 194.
