2008 3166
184 148 246 181 190
381 146 811 181 WEDEROPKOMST
855 147 955 180 DER
995 146 1303 180 PAUSELLJKE
1342 145 1619 185 INQUISITIE

185 259 255 315 zij,
278 259 320 300 in
342 256 712 313 Zuid--Frankrijk
730 255 1044 313 bijvoorbeeld,
1063 254 1229 307 bezat¹‚
1251 269 1318 297 om
1338 269 1386 298 er
1403 255 1455 298 de
1473 255 1642 298 ketters
1659 256 1819 313 tijdens

188 327 277 369 hun
302 327 463 383 geding
495 325 551 375 of,
589 338 645 368 na
679 326 828 367 hunne
852 325 1198 380 veroordeelfflg,
1227 325 1481 379 levenslang
1515 324 1562 366 of
1580 337 1683 367 voor
1716 325 1818 368 kor-

184 400 307 438 teren
335 396 413 451 tijd
438 401 480 437 te
505 393 720 436 bewaken
740 391 771 437 ².
799 395 986 436 Daartoe
1019 394 1160 437 zullen
1186 394 1229 435 in
1264 394 1341 435 het
1363 393 1545 448 vervolg
1577 393 1628 435 de
1660 407 1821 449 aange-

183 466 358 519 slagene
391 463 547 505 huizen
572 476 625 504 en
660 462 876 505 kloosters
900 462 977 504 der
1005 462 1264 518 Beggarden
1288 461 1493 516 gebruikt
1525 462 1723 512 worden,
1751 461 1820 505 die

183 534 224 575 in
259 532 431 574 handen
467 531 546 573 der
578 531 859 586 inquisiteurs
894 531 1034 573 zullen
1068 531 1244 574 komen.
1285 531 1395 573 Wat
1428 531 1479 572 de
1519 530 1818 586 Regijnhoven

182 601 360 652 ben-eft,
388 601 456 643 die
479 600 622 642 zullen
649 599 862 642 verkooht
885 600 1082 649 worden,
1111 613 1164 641 en
1195 599 1246 641 de
1271 602 1385 642 twee
1407 598 1570 641 dei-den
1600 599 1677 640 der
1699 599 1821 642 alzoo

184 670 427 725 verkregen
452 668 607 724 gelden
631 668 774 711 zullen
809 682 892 710 aan
926 669 977 710 de
1009 669 1370 711 kettermeesters
1401 667 1681 722 overgelaten
1705 681 1819 709 wor-

184 739 283 789 den,
307 742 375 781 tot
393 738 468 780 het
488 737 706 780 uitdeelen
727 750 810 779 van
832 738 1097 786 aalmoezen,
1121 737 1196 779 het
1215 735 1467 779 onderhoud
1485 736 1562 778 der
1582 735 1821 779 verzoende

183 807 292 850 doch
327 819 554 861 gevangen
590 806 775 856 ketters,
814 820 867 848 en
901 810 966 848 tot
999 805 1074 847 het
1099 804 1268 847 dekken
1295 818 1379 847 van
1414 805 1464 846 de
1489 808 1642 859 groote
1663 803 1820 847 kosten

183 876 260 918 der
289 874 514 929 Inquisitie
547 875 668 916 zelve
694 888 702 916 :
731 877 997 917 attendentes
1027 872 1140 931 quod
1176 878 1373 916 sanctum
1416 872 1601 926 officium
1626 873 1822 930 Inquisi-

185 945 319 988 tiom's
350 942 510 1001 absque
533 942 750 986 laboribus
778 955 827 986 ac
857 943 1052 998 expensis
1083 946 1122 985 et
1158 940 1406 997 sumptibus
1434 942 1584 998 nequit
1616 941 1818 986 exerceri.

184 1016 301 1057 Eene
326 1012 599 1067 omstandige
622 1012 823 1067 regeling
844 1025 951 1054 over
974 1012 1050 1055 het
1074 1011 1323 1066 verkoopen
1353 1024 1439 1053 van
1464 1011 1530 1052 die
1552 1009 1821 1067 bezittingen

183 1085 261 1126 der
284 1082 495 1137 Begijnen
534 1078 695 1123 binnen
731 1080 782 1122 de
815 1081 971 1123 maand
1007 1080 1151 1122 wordt
1186 1093 1234 1122 er
1267 1078 1543 1135 bijgevoegd,
1580 1092 1634 1121 en
1667 1083 1822 1122 tevens
1874 1103 1882 1110 ν

184 1151 325 1194 wordt
351 1148 665 1205 uitdrukkelijk
689 1148 889 1204 bepaald,
916 1149 991 1191 dat
1013 1149 1064 1191 de
1090 1147 1333 1191 betrokken
1356 1147 1616 1203 inquisiteur
1638 1147 1690 1190 de
1713 1148 1822 1191 zaak

182 1221 247 1264 zal
272 1219 415 1262 leiden
439 1223 526 1259 met
559 1217 611 1259 de
635 1217 908 1274 wereldlijke
931 1217 1140 1260 overheid
1165 1231 1248 1259 van
1274 1217 1420 1260 iedere
1444 1217 1600 1271 plaats.
1626 1215 1823 1260 Ontdekt

182 1306 280 1335 men
315 1292 427 1334 later
449 1303 535 1345 nog
557 1289 798 1346 dergelijke
831 1289 1065 1344 goederen‚
1090 1303 1165 1331 zoo
1189 1289 1254 1331 zal
1278 1302 1374 1330 men
1398 1288 1634 1345 desgelijks
1658 1287 1818 1331 binnen

182 1363 233 1404 de
253 1361 344 1403 drie
367 1359 507 1414 dagen
534 1362 704 1401 moeten
730 1358 960 1401 handelen.
986 1358 1047 1413 Op
1072 1357 1169 1400 eike
1193 1356 1477 1412 overtreding
1497 1357 1639 1399 wordt
1657 1358 1818 1401 weeral

183 1444 288 1473 eene
312 1426 539 1484 geldboete
573 1440 657 1469 van
693 1426 889 1469 honderd
923 1427 1046 1468 mark
1080 1426 1216 1481 gouds
1251 1426 1435 1481 gestem,
1463 1425 1514 1468 de
1548 1425 1662 1468 helft
1684 1440 1816 1469 ervan

182 1512 263 1540 33η
295 1497 376 1539 (1θη
409 1495 667 1551 inquisiteur
691 1495 766 1537 der
800 1496 941 1550 plaats
965 1509 1071 1537 voor
1093 1496 1206 1551 zijne
1240 1495 1392 1550 eigene
1417 1493 1646 1537 behoeften
1670 1496 1821 1538 toeko-

184 1566 310 1608 mend
329 1567 359 1609 ⁵.
390 1565 545 1613 Alwie,
573 1564 663 1607 drie
688 1564 902 1606 maanden
938 1577 993 1605 na
1026 1563 1078 1606 de
1103 1563 1429 1619 uitvaardiging
1455 1563 1583 1605 dezer
1606 1566 1709 1614 wet,
1736 1563 1819 1607 den
1879 1612 1883 1615 ,

182 1633 483 1688 inquisiteurs‚
513 1633 693 1675 hunnen
717 1633 955 1675 vicar-issem
981 1632 1027 1674 of
1047 1633 1224 1674 hunnen
1258 1632 1537 1675 ambtenaars
1571 1645 1658 1688 nog
1680 1645 1822 1674 weer-

181 1701 307 1744 stand
342 1716 420 1744 zou
444 1701 611 1744 durven
641 1700 813 1751 bieden‚
847 1701 914 1743 zal
939 1700 1243 1744 daarenboven
1268 1702 1308 1744 al
1343 1700 1456 1757 zijne
1492 1700 1710 1756 goederen
1745 1704 1819 1744 ten

181 1769 280 1812 bate
305 1770 380 1812 der
415 1769 666 1826 keizerlijke
701 1770 919 1813 sohatkist
951 1770 1043 1811 zien
1075 1770 1283 1812 aanslaan
1317 1783 1371 1811 en
1403 1769 1446 1811 al
1480 1769 1592 1826 zijne
1616 1770 1816 1821 rechten,

181 1839 485 1889 voorreohten,
515 1837 762 1896 vrijheden‚
791 1837 965 1881 ambten
986 1851 1039 1880 θη
1065 1838 1406 1893 waardigheden
1431 1838 1666 1881 verliezen.

240 1909 337 1950 Van
371 1907 438 1950 die
461 1907 554 1950 vier
586 1907 841 1964 keizerlijke
875 1906 1065 1949 stukken
1097 1906 1185 1964 zijn
1217 1920 1266 1949 er
1299 1907 1391 1949 drie
1414 1907 1519 1949 door
1551 1919 1659 1951 eene
1691 1907 1822 1964 lange

183 1975 311 2017 reeks
342 1976 550 2031 getuigen
586 1975 805 2032 bezegeld,
845 1975 1105 2018 waaronder
1140 1980 1253 2018 twee
1287 1975 1492 2018 Duitsche
1531 1974 1818 2031 bisschoppen

182 2043 269 2101 (die
294 2058 377 2087 van
402 2045 572 2088 Olmutz
606 2059 659 2087 en
689 2045 854 2101 Spiers)
877 2045 1158 2088 voorkomen.
1189 2045 1278 2088 Met
1302 2045 1354 2087 de
1377 2045 1545 2100 diepste
1567 2045 1821 2101 verslagen-

183 2113 281 2156 heid
305 2113 449 2156 zullen
482 2114 738 2157 intusschen
772 2114 824 2156 de
847 2114 1044 2157 trotsohe
1078 2128 1131 2156 en
1157 2113 1374 2168 machtige
1396 2113 1711 2168 kerkprelaten
1746 2113 1824 2156 der

228 2306 240 2328 1
265 2303 315 2345 Zij
341 2304 495 2336 bestaan
520 2312 562 2336 er
587 2311 664 2346 nog
687 2302 934 2345 gedeeltelijk
959 2312 1005 2336 en
1031 2310 1151 2344 geven
1177 2311 1247 2336 een
1264 2302 1587 2346 verschrikkelijk
1611 2302 1824 2337 denkbeeld

186 2358 254 2391 der
278 2358 609 2400 gevangenisstraf
639 2358 763 2391 zooals
788 2358 834 2391 de
859 2358 1058 2399 Inquisitie
1087 2358 1147 2390 die
1172 2359 1361 2391 verstond.
1389 2359 1453 2391 Zie
1478 2360 1523 2392 de
1551 2359 1824 2401 aangrijpende

185 2413 441 2456 beschrijving
457 2422 528 2446 van
547 2427 562 2439 ι·
579 2413 632 2446 La
649 2413 752 2446 Tour
770 2413 816 2446 de
833 2412 1087 2454 l'Inquisition
1104 2429 1118 2441 2·
1137 2414 1174 2445 te
1193 2413 1460 2454 carcassonne,
1479 2414 1527 2455 bij
1548 2414 1614 2447 Ch.
1630 2413 1821 2454 Molinier,

187 2463 451 2509 L'Inquz'sz'tz'on
467 2464 562 2499 dans
580 2465 613 2498 le
628 2464 725 2497 midi
742 2464 788 2498 de
805 2464 843 2497 la
859 2464 1019 2506 France‚
1039 2464 1107 2497 blz.
1127 2464 1215 2506 4423
1234 2466 1322 2504 Lea,
1343 2465 1426 2499 deel
1445 2466 1475 2505 1,
1496 2466 1564 2499 blz.
1583 2466 1658 2498 491.

229 2521 243 2542 ²
268 2518 360 2550 Cum
378 2518 543 2550 officium
561 2517 824 2558 Inquisitionis
840 2518 879 2550 in
897 2517 1068 2559 partibus
1086 2517 1333 2551 Alemanniae
1359 2518 1503 2551 nullam
1519 2519 1685 2558 domum,
1703 2520 1823 2553 domi·

187 2572 328 2611 cilium,
347 2573 484 2605 turrim
508 2574 646 2606 fortem
669 2583 737 2615 pro
763 2572 934 2605 custodia
957 2573 995 2604 et
1019 2573 1238 2614 captivitate
1263 2574 1524 2614 suspectorum
1543 2574 1589 2606 de
1613 2573 1763 2608 haeresi
1788 2576 1826 2608 et

188 2627 523 2660 examinandorum
540 2628 586 2660 de
603 2628 677 2660 fide
702 2637 846 2661 necnon
872 2636 940 2668 pro
966 2627 1214 2660 immurandis
1239 2628 1433 2669 perpetuis
1450 2629 1684 2670 temporibus
1699 2628 1759 2662 vel
1777 2629 1824 2662 ad

186 2680 347 2721 tem‘pus,
366 2683 406 2713 ut
421 2682 517 2723 J'uris
534 2683 591 2715 est
608 2682 832 2722 quibusdam
849 2681 1064 2721 haereticis,
1083 2682 1147 2722 qui
1165 2683 1210 2714 ad
1230 2683 1417 2724 gremium
1434 2682 1631 2724 ecclesiae,
1650 2683 1826 2724 abJurata

188 2733 350 2776 haeresi,
369 2736 564 2769 redierint.

230 2787 243 2810 ³
267 2789 470 2830 Reliquam
502 2800 590 2825 vero
622 2794 769 2834 partem
801 2792 919 2834 ipsius
950 2791 1188 2834 inquisitoris
1217 2801 1285 2835 pro
1316 2792 1397 2826 loco
1429 2793 1559 2827 usibus
1589 2793 1825 2828 decrevimus

190 2843 385 2886 applicari.
