2008 3278
456 140 619 175 TEGEN
655 141 721 174 DE
756 140 1003 175 BEGIJNEN
1039 141 1106 175 EN
1143 141 1446 174 BEGGARDEN
1723 143 1761 175 21

134 248 337 294 bereiken
357 265 408 294 en
433 250 643 294 daardoor
664 251 885 294 verheven
907 252 1023 293 31661
1039 250 1178 293 boven
1197 251 1272 294 het
1292 254 1462 303 vasten,
1492 251 1568 295 het
1585 251 1757 304 bidden,

130 319 182 362 de
204 320 593 376 gehoorzaamheid
616 333 698 363 666
731 319 783 362 de
806 319 944 371 Kerk,
980 319 1031 362 de
1054 319 1189 375 goede
1222 320 1420 372 werken,
1456 320 1507 363 de
1529 321 1763 377 vereering

130 399 213 431 van
248 389 324 432 het
346 389 401 432 H.
425 389 678 432 Sacrament
709 388 784 431 des
806 389 986 440 altaars‚
1021 402 1137 439 enz.,
1175 389 1218 431 in
1242 402 1446 432 zooverre
1481 389 1555 432 dat
1579 403 1627 432 er
1661 403 1766 439 voor

127 455 227 499 hem
258 471 395 513 geene
426 457 736 514 vleeschelijke
767 457 903 500 zonde
934 470 1054 500 meer
1075 456 1256 500 bestaan
1292 457 1378 500 kan
1398 458 1428 501 ¹.
1456 459 1542 500 Ter
1568 459 1689 514 loops
1711 458 1764 515 zij

126 529 221 572 hier
243 527 514 585 opgemerkt,
535 528 610 572 dat
642 528 694 571 de
715 528 950 584 vervolger
973 541 1025 583 op
1049 527 1101 570 de
1125 527 1302 584 kronijk
1337 542 1419 571 van
1443 529 1687 572 Guillaume
1712 530 1765 573 de

126 598 294 654 Nangis
312 597 521 641 onder-de
547 595 783 654 ketterijen
807 610 890 640 van
913 596 1199 652 Margaretha
1221 597 1379 640 Porete
1403 597 1466 640 dit
1482 598 1638 641 laatste
1656 602 1766 654 punt

124 671 168 715 in
202 671 278 714 het
299 669 523 727 bijzonder
544 669 726 712 meende
757 670 802 711 te
839 671 1015 712 moeten
1051 669 1303 711 vex-melden
1323 666 1354 713 ².
1391 669 1469 712 Om
1502 670 1541 712 al
1575 670 1678 712 deze
1710 685 1762 713 en

122 739 285 783 andere
307 738 526 794 dolingen,
563 737 631 780 die
663 737 718 781 de
751 737 962 794 Begijnen
998 750 1052 780 en
1086 737 1344 793 Beggarden
1380 738 1518 781 onder
1549 740 1633 781 den
1656 738 1762 781 dek-

123 807 285 852 mantel
322 807 399 850 der
421 806 654 862 heiligheid
677 806 922 849 aankleven
956 819 1010 850 en
1034 806 1234 858 naleven,
1263 806 1538 850 veroordeelt
1576 806 1628 849 de
1651 821 1759 863 paus

121 877 272 921 hunne
306 877 423 919 secte
455 878 543 918 met
574 875 625 917 de
659 875 960 931 goedkeuring
991 888 1075 917 van
1111 874 1186 918 het
1225 875 1448 930 618616666
1492 876 1670 919 60661116
1705 890 1759 919 66

120 946 261 1002 861631
297 945 357 1002 hij
401 944 453 987 de
493 943 777 1000 bisschoppen
818 958 870 986 en
909 944 961 986 de
982 943 1266 999 inquisiteurs
1305 944 1383 986 der
1421 944 1597 995 landen,
1640 959 1762 988 waar

119 1014 380 1071 zulkdanige
402 1013 612 1070 Begijnen
635 1027 689 1056 en
712 1013 968 1069 Beggarden
1003 1013 1182 1056 worden
1200 1011 1500 1069 aangetroffen
1522 1011 1553 1065 ³,
1577 1017 1664 1057 met
1685 1014 1762 1071 het

119 1083 363 1139 inspannen
387 1095 473 1126 van
497 1082 680 1138 scherpe
698 1081 1033 1138 vervolgingen.
1056 1081 1171 1124 Over
1187 1082 1366 1125 hunnen
1386 1082 1547 1125 handel
1565 1096 1618 1124 en
1637 1096 1761 1126 wan-

118 1153 187 1196 del
210 1166 263 1196 en
281 1165 385 1195 over
406 1151 554 1194 hunne
578 1151 841 1210 meeningen
864 1151 1120 1206 aangaande
1144 1151 1195 1193 de
1218 1153 1384 1207 punten
1407 1165 1492 1193 van
1516 1151 1592 1194 het
1615 1152 1765 1207 geloof

117 1235 169 1265 en
205 1221 257 1264 de
288 1223 590 1264 sacramenten
624 1220 768 1263 zullen
806 1220 858 1276 zij
900 1233 979 1262 een
1013 1219 1260 1263 onderzoek
1292 1220 1497 1263 instellen
1531 1234 1584 1263 en
1618 1234 1671 1276 op
1703 1220 1755 1264 de

117 1290 526 1346 wederspannigen‚
578 1289 647 1337 die
696 1288 847 1331 hunne
891 1288 1129 1346 ketteriJen
1187 1289 1278 1332 niet
1321 1289 1547 1347 vrijwillig
1588 1289 1753 1332 zouden

115 1358 350 1408 afzweren‚
372 1371 482 1413 8666
505 1355 682 1400 berouw
703 1359 865 1400 toonen
889 1356 1001 1400 noch
1024 1357 1264 1413 penitentie
1288 1356 1414 1409 doen,
1443 1357 1495 1400 de
1517 1356 1751 1400 verdiende

117 1425 296 1471 straffen
314 1429 545 1482 toepassen
563 1423 596 1470 ⁴.

175 1497 402 1540 Wanneer
424 1495 496 1552 wij
519 1509 577 1537 nu
599 1494 668 1537 die
690 1498 804 1538 twee
827 1494 1069 1553 pauselijke
1093 1494 1297 1539 decreten
1322 1509 1405 1538 van
1429 1495 1504 1538 het
1528 1495 1754 1551 algemeen

158 1732 169 1754 1
246 1726 452 1769 Postquam
473 1728 632 1770 gradum
652 1727 868 1769 huJ'usmodi
885 1726 1001 1760 fuerit
1015 1726 1219 1765 assecutus,
1236 1727 1325 1768 quia
1345 1728 1433 1759 tunc
1451 1727 1676 1760 sensualitas
1695 1728 1753 1760 631

117 1780 171 1814 ita
184 1782 352 1824 perfecte
366 1782 516 1824 spiritui
531 1784 568 1816 et
580 1782 720 1816 rationi
734 1783 915 1823 subjecta,
931 1782 1029 1823 quod
1043 1781 1153 1814 homo
1170 1782 1295 1823 potest
1311 1782 1431 1815 libere
1446 1783 1596 1824 corpori
1613 1793 1750 1817 conce-

117 1837 208 1870 dere
225 1837 403 1879 quicquid
419 1837 544 1880 placet
561 1861 568 1869 .
591 1861 612 1869 ..
633 1837 739 1876 Quod
757 1836 928 1870 mulieris
944 1836 1128 1878 osculum,
1146 1846 1230 1869 cum
1247 1837 1293 1870 ad
1310 1836 1381 1869 hoc
1398 1838 1533 1871 natura
1549 1847 1622 1871 non
1640 1839 1748 1871 incli-

114 1892 192 1933 net,
211 1892 269 1924 est
284 1891 445 1925 mortale
462 1893 658 1933 peccatum
669 1903 678 1934 ;
696 1896 801 1925 actus
818 1892 945 1924 autem
967 1891 1142 1930 carnalis,
1161 1901 1245 1924 cum
1270 1893 1316 1924 ad
1340 1891 1411 1924 hoc
1428 1893 1563 1925 natura
1577 1892 1750 1934 inclinet,

114 1946 311 1988 peccatum
324 1955 399 1979 non
416 1947 485 1986 est,
499 1947 662 1980 maxime
677 1955 761 1979 cum
779 1947 947 1979 tentatur
964 1954 1152 1979 exercens.

155 2001 170 2023 '³
185 2000 234 2034 Et
245 2001 347 2034 inter
363 2003 520 2041 ceteras,
539 2002 639 2043 quod
654 2002 780 2035 anima
796 2001 1007 2034 annihilata
1024 2001 1063 2033 in
1081 2009 1208 2034 amore
1222 2001 1436 2034 Conditoris
1450 2002 1531 2034 sinc
1549 2003 1750 2044 reprehen-

114 2055 219 2089 sione
243 2056 497 2090 conscientiae
524 2056 584 2089 vel
609 2065 782 2090 remorsu
806 2057 931 2099 potest
954 2057 990 2089 et
1015 2056 1128 2089 debet
1155 2057 1312 2089 naturae
1337 2056 1521 2097 quidquid
1546 2058 1690 2099 appetit
1715 2058 1753 2091 61

113 2110 303 2144 (1631(16161
319 2111 539 2151 concedere,
557 2111 656 2153 quod
673 2112 872 2144 manifeste
890 2111 998 2143 sonat
1011 2111 1051 2143 in
1067 2110 1267 2144 haeresim.
1278 2110 1536 2153 -Overigens
1550 2113 1672 2145 weten
1689 2113 1748 2154 wij

113 2165 273 2199 officieel
291 2166 348 2198 uit
363 2165 428 2199 1161
442 2166 744 2208 proces-verbaal
763 2167 830 2199 der
847 2165 1151 2208 geraadpleegde
1170 2165 1364 2207 Parijsche
1382 2165 1662 2208 godgeleerden
1679 2176 1750 2200 van

111 2220 149 2252 11
175 2220 284 2262 April
310 2220 396 2253 1310
418 2220 541 2254 welke
565 2222 611 2255 de
634 2223 731 2254 twee
747 2227 1010 2254 voornaamste
1039 2219 1219 2262 dolingen
1242 2230 1313 2253 van
1339 2220 1585 2263 Margaretha
1610 2221 1749 2255 Porete

110 2284 260 2308 waren:
292 2289 307 2303 ιι
327 2276 495 2316 Quorum
513 2276 695 2310 articulus
722 2276 867 2318 primus
884 2276 971 2309 talis
988 2276 1073 2309 est:
1101 2289 1116 2302 ιι
1143 2275 1248 2314 Quod
1277 2276 1402 2308 anima
1426 2276 1658 2309 adnichilata
1683 2277 1746 2309 dat

109 2329 304 2364 licentiam
322 2331 524 2365 virtutibus
541 2340 610 2365 666
634 2332 692 2365 631
715 2331 876 2373 amplius
901 2332 939 2364 in
965 2340 1095 2364 earum
1121 2331 1315 2370 servitute,
1334 2331 1422 2372 quia
1446 2339 1521 2362 non
1545 2329 1659 2364 habet
1683 2340 1746 2364 eas

111 2385 234 2426 quoad
250 2395 372 2425 usum,
390 2386 455 2419 sed
471 2387 632 2420 virtutes
649 2387 832 2420 obediunt
847 2386 894 2419 ad
912 2387 1055 2419 nutum.
1067 2401 1082 2413 n
1099 2386 1193 2418 Item
1213 2385 1379 2418 decimus
1397 2385 1550 2426 quintus
1563 2385 1746 2418 articulus

111 2441 195 2473 est:
216 2454 231 2466 u
250 2439 357 2479 Quod
374 2441 461 2474 talis
478 2442 605 2474 anima
628 2451 703 2474 non
727 2442 836 2474 curat
851 2441 897 2474 dc
915 2440 1241 2474 consolacionibus
1266 2439 1333 2474 Dei
1359 2449 1427 2473 1166
1445 2440 1490 2473 (16
1517 2440 1626 2472 donis
1650 2441 1744 2482 ejus,

108 2503 178 2527 nec
193 2495 304 2528 debet
321 2505 454 2530 curare
471 2505 540 2529 nec
556 2497 691 2539 potest,
710 2496 799 2538 quia
815 2496 895 2529 tota
911 2496 1057 2529 intenta
1074 2496 1131 2528 est
1147 2496 1248 2528 circa
1269 2494 1403 2534 Deum,
1422 2495 1460 2528 61
1475 2495 1529 2527 sic
1543 2494 1746 2537 impedire-

105 2549 170 2582 tur
181 2550 264 2591 eJus
282 2550 442 2583 intentio
460 2551 562 2584 circa
579 2551 710 2584 Deum.
732 2565 748 2580 n

148 2608 164 2632 ³
183 2605 394 2646 Dyocesani
418 2607 456 2639 61
480 2605 633 2639 11161616
656 2606 822 2648 partium
847 2604 1090 2647 inquisitores
1115 2604 1280 2638 heretice
1305 2604 1514 2646 pravitatis,
1543 2604 1582 2636 in
1608 2603 1744 2646 quibus

109 2659 306 2702 Beguardi
323 2662 362 2694 et
377 2660 550 2704 Beguine
566 2660 781 2703 huJ'usmodi
805 2661 1098 2694 commorantur.

151 2718 165 2740 ⁴¹
181 2714 225 2748 In
249 2714 336 2749 illos
361 2724 464 2755 vero,
483 2725 576 2757 quos
599 2715 806 2758 culpabiles
829 2716 1082 2758 reppererint,
1100 2715 1172 2748 nisi
1197 2715 1378 2757 abjuratis
1402 2713 1536 2755 sponte
1559 2713 1741 2756 predictis

109 2770 303 2804 erroribus
337 2770 572 2812 penituerint
598 2771 636 2804 et
659 2771 955 2804 satisfactionem
982 2769 1225 2804 exhibuerint
1253 2770 1541 2812 competentem,
1574 2769 1739 2802 debitam

107 2826 310 2859 exerceant
324 2824 521 2859 ultionem.
