2008 3166
78 77 121 110 86
620 77 685 111 DE
725 78 1174 114 ONDERDRUKKING

76 209 130 219 -
152 188 215 234 dit
237 189 271 232 is
299 189 350 232 de
373 189 516 245 kuoop
536 188 612 233 der
635 189 742 233 zaak
762 213 816 218 —
838 190 982 234 indien
1007 205 1115 234 onze
1138 190 1313 234 moeder
1334 189 1386 234 de
1408 189 1567 248 heiligc
1591 189 1713 234 Kerk

76 257 139 302 dit
162 258 269 301 alles
294 262 550 314 toegestaan
574 273 628 301 en
653 259 963 315 goedgekeurd
984 259 1070 303 had
1088 264 1119 304 ¹.

136 328 228 369 Hoe
247 327 516 382 onderdanig
539 342 590 369 en
615 329 948 388 rechtgeloovig
970 330 1069 380 ook,
1097 329 1149 372 de
1171 329 1428 371 Geeselaars
1448 328 1616 371 hadden
1639 329 1715 372 het

75 408 211 450 gezag
228 395 305 437 der
315 395 434 438 Kerk
454 396 652 439 miskend
669 397 777 440 door
797 412 903 440 eene
921 398 1248 453 godsdienstige
1268 398 1378 454 vrije
1396 397 1714 452 broederschap

74 467 118 506 te
141 463 329 506 stichten
354 478 408 506 en
431 478 513 506 aan
537 464 589 507 de
611 465 977 508 Geeselbroeders
1001 466 1328 522 godsdienstige
1362 466 1710 521 verplichtingen

74 545 181 575 voor
213 533 287 574 het
313 533 436 574 leven
470 533 575 588 (toto
598 545 727 577 cursu
748 535 868 578 vitae
892 536 1017 591 suae)
1049 548 1100 590 op
1126 539 1169 578 te
1193 535 1365 590 leggen.
1392 535 1442 576 In
1466 535 1540 577 het
1572 534 1716 589 regle-

73 604 192 643 ment
211 600 314 643 door
335 602 393 643 Le
412 601 560 644 Muisit
579 602 879 658 opgeteekend
897 603 1018 646 lezen
1039 604 1108 660 wij
1131 603 1266 645 onder
1283 603 1474 645 anderen
1500 617 1509 646 ;
1541 619 1562 642 c<
1585 603 1711 651 Item,

74 682 159 711 non
178 670 331 726 jurare
348 670 603 726 juramenta
625 673 811 727 tangens
834 672 1001 714 Domini
1025 672 1286 727 passionem,
1316 685 1394 713 nec
1416 670 1559 713 dicere
1583 669 1716 712 verba

73 737 365 793 blasphemiae
388 742 480 782 toto
501 753 630 782 cursu
655 740 771 782 vitae
795 754 913 791 suae,
942 740 986 782 in
1011 742 1221 795 quantum
1245 743 1366 795 potes
1389 736 1418 781 ².
1446 740 1571 790 Item,
1599 739 1715 782 omni

72 807 139 849 die
177 807 397 850 Passionis
432 808 677 851 Dominicae
709 809 914 866 jejunare
947 809 990 850 in
1031 809 1140 851 escis
1173 808 1634 863 quadragesimalibus,
1670 808 1714 850 in

71 879 281 931 quantum
316 876 480 931 poteris
503 882 547 919 et
581 879 628 919 tu
654 877 795 926 vives;
838 883 881 919 et
915 877 957 919 in
993 877 1060 919 die
1092 877 1280 920 Veneris
1313 877 1355 919 in
1380 878 1637 929 Parasceve,
1665 879 1714 920 ut

71 941 364 1000 discip'linabis
396 946 672 1001 temetipsum
723 949 792 989 ter
826 946 965 988 solum
996 948 1090 988 tam
1123 947 1175 988 de
1214 946 1282 988 die
1315 959 1442 1001 quam
1481 946 1533 988 de
1567 951 1709 999 nocte,

70 1015 113 1057 et
134 1027 212 1068 per
242 1017 415 1056 tantum
439 1014 627 1069 spatium
650 1015 761 1069 quod
794 1014 934 1069 possis
959 1015 1101 1057 dicere
1135 1014 1360 1070 quinquies
1394 1013 1536 1058 Pater
1567 1019 1713 1058 noster

71 1085 114 1124 et
152 1082 378 1136 quinquies
411 1082 505 1125 Ave
542 1082 717 1127 Maria.
758 1084 870 1127 Item
909 1083 1125 1133 volumus,
1171 1084 1283 1139 quod
1326 1084 1618 1139 unusquisque
1656 1084 1714 1127 sit

70 1149 288 1206 obligatus
310 1151 364 1194 ad
388 1151 635 1207 ponendum
657 1152 854 1195 habitum
878 1166 1002 1194 suum
1027 1152 1384 1206 poenitentialem
1404 1157 1448 1194 et
1467 1153 1714 1208 scorpiones

71 1233 203 1276 supra
239 1219 401 1262 lectum
435 1234 575 1272 suum,
614 1221 667 1264 ad
701 1220 980 1264 retinendum
1011 1221 1262 1263 memoriam
1301 1221 1513 1276 passionis
1545 1221 1716 1264 Domini

69 1288 212 1332 nostri
233 1289 258 1332 J
262 1302 337 1331 esu
355 1289 534 1333 Christi.
557 1290 685 1342 Item,
706 1290 816 1345 quod
842 1303 991 1333 omnes
1015 1303 1061 1332 se
1079 1290 1327 1333 custodiant
1351 1290 1402 1333 de
1421 1303 1498 1333 esu
1521 1291 1716 1333 carnium

70 1357 115 1399 in
140 1357 208 1399 die
231 1357 454 1401 Mercurii.
484 1375 507 1398 »

132 1427 217 1469 Η6ί;
250 1426 514 1482 zelfstandig
547 1427 758 1482 optreden
793 1427 870 1470 der
904 1427 1164 1470 Geeselaars
1204 1426 1364 1469 zonder
1397 1427 1492 1469 zich
1524 1441 1604 1470 aan
1639 1428 1715 1471 het

70 1507 210 1550 gezag
248 1495 326 1537 der
364 1496 620 1552 geestelijke
659 1496 866 1538 overheid
904 1499 948 1539 te
988 1496 1305 1551 onderwerpen
1350 1509 1403 1538 en
1444 1496 1496 1537 de
1539 1497 1713 1553 talrijke

70 1563 362 1621 afwijkingen
396 1578 480 1607 van
514 1564 566 1607 de
598 1564 823 1616 kerkleer,
859 1565 928 1607 die
959 1565 1052 1607 hun
1086 1563 1259 1606 werden
1287 1568 1361 1607 ten
1395 1564 1504 1606 laste
1538 1566 1709 1620 gelegd,

70 1645 224 1675 waren
258 1646 337 1675 een
372 1633 585 1688 dringend
621 1647 784 1689 gevaar
817 1647 924 1676 voor
957 1633 1031 1676 het
1063 1632 1234 1675 behoud
1268 1647 1352 1676 van
1384 1633 1460 1676 het
1491 1633 1642 1685 geloof
1669 1634 1713 1676 in

75 1701 405 1757 West—Europa
448 1702 701 1757 geworden.
746 1703 967 1745 Daarvoor
1000 1702 1086 1744 kon
1121 1701 1174 1743 de
1206 1701 1327 1744 Kerk
1365 1701 1417 1743 de
1450 1715 1586 1757 oogen
1626 1703 1715 1745 niet

77 1773 255 1817 sluiten.
292 1774 351 1815 De
374 1773 599 1829 Parichhe
631 1774 830 1825 monnik,
857 1774 924 1817 die
958 1775 1034 1817 het
1066 1773 1250 1828 vervolg
1271 1787 1323 1829 op
1357 1773 1408 1816 de
1431 1773 1605 1830 kronijk
1631 1787 1716 1817 van

77 1841 323 1884 Guillaume
357 1842 407 1883 de
441 1842 608 1898 Nangis
642 1842 831 1894 schreef,
869 1842 1037 1885 bericht
1070 1855 1164 1892 ons,
1202 1842 1276 1884 dat
1314 1842 1365 1883 de
1396 1842 1715 1897 godgeleerden

71 1909 148 1952 der
174 1911 475 1966 Hoogeschool
507 1925 588 1954 van
611 1912 772 1968 Parijs,
809 1910 1120 1967 vermoedelijk
1154 1910 1278 1953 reeds
1302 1911 1344 1953 in
1368 1911 1445 1953 het
1477 1910 1605 1966 begin
1631 1924 1714 1953 van

71 1978 275 2029 October,
313 1979 389 2022 het
421 1978 630 2022 initiatief
663 1983 731 2023 tot
768 1980 819 2023 de
857 1979 1219 2034 onderdrukking
1260 1979 1336 2021 der
1373 1979 1497 2022 Secte
1535 1993 1708 2031 namen,

71 2047 216 2090 omdat
240 2047 291 2104 zij
312 2051 444 2102 tegen
467 2048 560 2091 God
583 2063 635 2091 en
658 2049 710 2091 de
733 2050 1018 2104 instellingen
1042 2048 1119 2090 der
1142 2048 1263 2089 Kerk
1287 2048 1477 2090 alsmede
1502 2053 1632 2102 ῐθςθη
1658 2048 1710 2090 de

69 2117 284 2173 zaligheid
303 2117 379 2160 der
397 2118 532 2161 zielen
561 2132 648 2161 was
672 2118 841 2173 gericbt
865 2115 898 2160 ³.
923 2118 1042 2160 Eene
1068 2116 1358 2173 gelijktijdige
1384 2116 1708 2172 aanteekening

68 2186 132 2229 uit
163 2200 241 2229 een
266 2187 349 2229 oud
380 2187 569 2243 register
600 2187 675 2229 der
698 2186 927 2243 Parijsche
951 2184 1255 2241 Hoogeschool
1288 2185 1397 2227 leert
1431 2199 1524 2235 ons,
1553 2186 1628 2229 dat
1661 2189 1712 2228 de

71 2254 300 2311 beslissing
332 2255 410 2298 der
440 2255 760 2312 godgeleerden
784 2256 898 2298 later
931 2268 983 2311 op
1007 2255 1035 2297 3
1072 2252 1317 2296 November
1352 2254 1466 2297 1349
1491 2254 1595 2297 door
1629 2255 1710 2297 den

114 2516 125 2537 1
151 2510 188 2543 Si
206 2511 336 2543 sancta
351 2511 473 2543 mater
490 2510 651 2543 ecclesia
666 2511 705 2543 in
723 2511 794 2544 hoc
812 2520 1037 2545 consensum
1053 2512 1091 2545 et
1108 2512 1373 2545 auctoritatem
1390 2511 1598 2545 adhiberet.

111 2569 125 2591 2²
150 2565 214 2596 Dit
242 2566 344 2598 na'ief
367 2566 407 2597 in
436 2569 621 2608 quantum
641 2570 746 2608 potes
771 2567 918 2608 bewijst
942 2566 1014 2599 hoe
1038 2567 1290 2608 ingeworteld
1315 2567 1378 2600 het
1402 2566 1563 2600 vloeken
1590 2575 1636 2599 en
1663 2566 1710 2599 de

69 2619 350 2662 godslastering
367 2619 497 2652 alsdan
514 2620 554 2652 in
572 2621 617 2654 de
636 2620 903 2654 Nederlanden
921 2622 1090 2654 moesten
1108 2621 1192 2663 zijn.

111 2675 125 2697 3
149 2674 254 2712 Quod
282 2683 377 2707 nova
404 2676 507 2707 secta
534 2676 616 2708 erat
642 2678 775 2708 contra
803 2676 922 2709 Deum
952 2675 1129 2708 inchoata
1154 2677 1190 2708 et
1215 2677 1347 2709 contra
1371 2678 1531 2710 formam
1555 2676 1708 2709 sanctae

68 2728 199 2760 matris
221 2727 405 2761 ecclesiae
440 2730 478 2761 et
501 2730 634 2762 contra
656 2729 819 2762 salutem
843 2730 1053 2763 animarum
1083 2731 1250 2762 omnium
1274 2731 1454 2772 ipsorum.
1482 2729 1706 2773 (D'Achery,

68 2782 316 2825 sz‘cz'leyz'unz,
335 2783 419 2816 decl
444 2784 514 2825 ΙΙΙ,
534 2783 603 2816 blz.
626 2784 710 2825 1113
731 2784 872 2828 Corpus
885 2785 936 2826 ΙΙ,
957 2785 1025 2818 blz.
1046 2785 1137 2826 125.)
