1976 3134
280 399 585 434 OVERWICHT
626 400 729 433 DER
767 397 1227 434 BISSCHOPPELIJKE
1264 397 1541 435 INQUISITIE
1672 397 1736 429 169

90 509 233 553 alleen
268 507 320 551 de
343 509 554 552 seculiere
592 509 930 566 goestelijkheid
968 508 1133 551 zonder
1171 509 1417 567 pauselijke
1449 510 1735 567 inquisiteurs

92 581 224 634 tegen
246 577 299 621 de
322 581 442 621 secte
464 578 662 622 ieveren.

151 647 355 690 Evenzoo
378 647 524 689 treedt
548 647 600 689 de
623 646 827 701 hisschop
850 659 938 688 van
963 646 1152 689 Utrecht
1175 647 1318 689 Floris
1343 660 1426 689 van
1468 647 1734 692 Wevelink-

92 715 235 758 hoven
259 718 348 758 met
370 716 515 772 zijnen
540 714 934 770 vicaris-generaal
957 714 1099 756 alleen
1125 728 1176 769 op
1197 717 1327 770 tegen
1352 715 1402 758 de
1425 715 1517 758 drie
1541 715 1730 767 ketters‚

92 783 162 826 die
199 783 305 826 door
326 784 462 827 Geert
499 783 663 826 Groote
687 796 763 825 zoo
798 782 1093 837 hardnekkig‚
1121 784 1368 826 omstreeks
1396 784 1526 835 1380,
1555 784 1736 827 werden

94 852 303 907 vervolgd
326 851 356 895 ¹.
382 853 447 894 En
481 855 583 894 toen
608 852 650 894 in
679 851 793 895 1396
827 865 905 893 een
931 864 1039 906 paar
1061 851 1233 894 ketters
1258 856 1302 894 te
1326 854 1497 908 Bergen
1521 853 1564 895 in
1591 854 1738 896 Hene-

92 933 278 977 gouwen
304 934 358 976 op
386 921 439 963 de
468 920 617 964 Markt
641 920 822 962 worden
846 919 1095 974 bepredikt‚
1134 920 1363 975 geschiedt
1396 921 1460 964 dit
1500 921 1591 964 niet
1633 921 1740 964 door

93 1002 234 1032 eenen
276 988 552 1044 inquisiteur,
599 1002 721 1031 maar
762 988 848 1030 wel
903 988 1009 1030 door
1050 988 1254 1044 bisschop
1302 990 1429 1046 Hugo
1474 990 1526 1032 de
1571 989 1735 1042 Tolvis‚

94 1055 348 1113 suffragaan
375 1071 459 1100 van
484 1057 716 1114 Kamerijk
737 1055 767 1100 ².

155 1125 324 1169 Slechts
346 1126 389 1168 in
416 1126 532 1170 1355
566 1129 607 1168 te
630 1126 838 1177 Doornik,
877 1127 920 1169 in
960 1126 1035 1169 het
1058 1127 1187 1182 geval
1222 1140 1306 1168 van
1344 1126 1427 1169 den
1461 1128 1738 1171 verzoenden

93 1194 241 1236 ketter
261 1193 396 1238 Jacob
416 1193 588 1242 Clerici,
624 1195 659 1236 is
691 1208 740 1236 er
763 1194 924 1249 spraak
964 1208 1047 1236 van
1083 1208 1223 1236 eenen
1247 1195 1523 1251 pauselijken
1557 1195 1737 1251 inquisi-

95 1268 214 1315 teur,
255 1261 366 1305 doch
405 1263 570 1306 slechts
609 1265 679 1305 ter
716 1263 851 1318 loops,
896 1263 939 1305 in
979 1263 1058 1305 het
1079 1264 1239 1306 vonnis
1278 1263 1383 1305 door
1417 1264 1498 1306 den
1532 1263 1736 1321 bisschop

96 1333 238 1375 alleen
262 1330 594 1386 uitgevaardigd
615 1329 645 1374 ³.
693 1332 752 1373 De
785 1331 1085 1374 Doorniksche
1129 1332 1299 1387 prelaat
1334 1331 1561 1375 verklaart
1594 1333 1739 1375 overi-

96 1414 224 1456 gens,
258 1400 334 1443 dat
365 1400 418 1442 de
449 1399 690 1442 verdachte
727 1400 769 1442 in
805 1400 951 1457 zijnen
988 1400 1153 1443 kerker
1192 1400 1226 1442 is
1265 1414 1496 1456 gevangen
1539 1405 1740 1457 geweest

95 1469 163 1524 (in
183 1472 336 1512 nostra
368 1467 639 1512 decemimus
669 1468 891 1526 prisonia)
915 1482 967 1511 en
1007 1469 1081 1510 dat
1104 1469 1161 1524 hij
1188 1472 1318 1523 tegen
1343 1469 1442 1511 hem
1473 1470 1549 1512 het
1571 1469 1740 1513 ketter·

96 1537 259 1594 geding
281 1536 403 1579 heeft
440 1537 599 1592 geleid,
628 1551 676 1579 er
699 1538 840 1580 alleen
865 1537 1170 1594 bijmegende,
1209 1538 1284 1580 dat
1316 1538 1368 1579 de
1403 1539 1740 1592 plaatsvervan-

96 1620 177 1662 ger
197 1619 284 1648 van
303 1606 386 1648 den
410 1606 677 1660 inquisiteur
698 1606 1037 1662 tegenwoordig
1061 1620 1170 1656 waS,
1198 1620 1251 1648 en
1276 1607 1350 1648 dat
1371 1606 1430 1661 hij
1457 1607 1553 1649 veel
1577 1607 1742 1650 andere

97 1674 203 1731 god·
226 1688 281 1717 eu
304 1674 695 1729 rechtsgeleerden
734 1674 855 1718 heeft
878 1675 1200 1730 geraadpleegd
1221 1689 1229 1717 :
1273 1693 1289 1713 α
1309 1675 1608 1717 Processimus
1639 1689 1742 1718 con-

98 1748 169 1786 tra
188 1756 288 1786 eum
321 1756 452 1798 super
472 1743 714 1798 premissis,
752 1747 882 1798 prout
910 1744 1016 1800 jura
1051 1743 1225 1795 volunt,
1254 1746 1460 1798 presente
1493 1743 1741 1786 venerabili

99 1814 141 1854 et
184 1811 390 1867 religioso
429 1811 522 1853 viro
566 1811 704 1854 fratre
742 1811 894 1854 Livino
933 1812 984 1854 de
1024 1813 1185 1855 Sancto
1218 1813 1365 1862 Petro,
1418 1813 1743 1855 locumtenente

97 1879 373 1935 inquisitoris
390 1879 585 1922 heretice
609 1880 843 1935 pravitatis
868 1881 910 1922 in
936 1881 1100 1923 nostris
1123 1880 1302 1923 civitate
1325 1883 1368 1923 et
1390 1880 1580 1938 dyocesi,
1610 1881 1744 1923 omni-

99 1948 179 1992 bus
201 1948 287 1991 rite
310 1949 420 1991 actis
443 1962 492 1990 ac
515 1949 703 2003 plurium
729 1949 1031 2004 religiosorum
1055 1954 1098 1992 et
1121 1949 1481 2006 jurisperitorum
1506 1949 1742 1992 communi-

97 2024 196 2062 cato
219 2018 401 2062 concilio
422 2035 462 2061 ».
485 2017 599 2060 Zelfs
622 2018 802 2072 spreekt
825 2018 876 2060 de
900 2017 1105 2073 bisschop
1131 2017 1221 2060 niet
1245 2031 1350 2060 eens
1374 2031 1458 2061 van
1483 2017 1566 2060 den
1588 2030 1742 2074 pause-

97 2087 238 2146 lz'jken
261 2087 522 2142 inquisiteur
546 2101 598 2129 en
625 2087 840 2130 vermeldt
865 2087 965 2129 hem
990 2087 1152 2129 slechts
1175 2087 1239 2128 als
1262 2075 1675 2144 onderketterjager
1700 2087 1740 2128 in

97 2158 192 2214 2an
220 2155 403 2198 bisdom.
446 2156 537 2198 Ook
561 2155 769 2211 gebruikt
802 2155 882 2212 hij,
919 2155 1082 2197 zonder
1115 2155 1198 2197 den
1233 2155 1497 2210 inquisiteur
1519 2155 1677 2197 verder
1699 2158 1742 2197 te

99 2237 301 2275 noemen,
328 2224 380 2266 de
403 2224 689 2267 uitsluitende
727 2224 912 2266 formuul
935 2240 945 2266 z
993 2242 1008 2263 α
1033 2224 1196 2267 Contra
1234 2223 1376 2279 ipsum
1398 2223 1608 2267 Jacobum
1645 2236 1744 2266 nos-

100 2297 220 2336 tram
251 2294 516 2336 sententiam
555 2293 829 2336 diffinitivam
867 2292 1131 2348 proferimus
1165 2293 1207 2335 in
1233 2293 1350 2335 hunc
1381 2293 1572 2344 modum,
1596 2308 1612 2332 υ
1643 2306 1741 2336 enZ.

99 2362 159 2404 De
183 2361 493 2404 veroordeelde
517 2362 582 2404 zal
621 2362 664 2404 in
701 2364 848 2419 zzjnen
881 2362 1045 2404 kerker
1082 2361 1134 2403 de
1159 2360 1398 2417 opgelegde
1437 2360 1556 2404 straf
1583 2360 1741 2403 onder-

101 2442 215 2485 gaan
243 2442 252 2471 :
288 2446 305 2468 α
324 2429 392 2472 Ad
422 2430 719 2486 peragendam
741 2430 1029 2485 penitentiam
1054 2429 1313 2485 condignam
1336 2430 1378 2471 in
1403 2443 1623 2472 carcerem
1648 2441 1745 2472 nos-

102 2502 218 2542 trum
251 2500 296 2541 te
339 2497 505 2540 detradi
550 2499 812 2542 volumus».
862 2500 959 2541 Aan
998 2498 1248 2540 zichzelven
1281 2498 1424 2540 alleen
1469 2497 1661 2540 behoudt
1692 2497 1745 2539 de

99 2565 304 2620 bisschop
343 2579 535 2610 evenzoo
568 2567 644 2609 het
667 2567 792 2610 recht
825 2581 950 2620 voor,
975 2567 1039 2611 dit
1062 2567 1220 2609 vonnis
1255 2580 1362 2609 naar
1384 2565 1676 2621 goeddunken
1699 2567 1745 2607 te

102 2634 397 2677 verzachten:
427 2651 450 2674 ε(
469 2634 598 2678 Salva
627 2635 749 2680 nobis
781 2638 826 2679 et
857 2639 1036 2679 retenta
1059 2639 1278 2690 potestate
1310 2635 1455 2678 omnia
1495 2638 1539 2678 et
1571 2634 1745 2690 singula

148 2879 160 2902 ι
184 2875 247 2907 Zie
265 2874 471 2908 hierhoven
489 2876 526 2907 in
544 2883 612 2908 ons
629 2875 799 2910 Zevende
817 2875 1048 2915 Hoofdstuk,
1069 2875 1138 2907 blz.
1160 2873 1315 2908 126-132.

145 2935 160 2957 2
182 2929 440 2964 Stadsarehief
456 2939 527 2964 van
545 2931 710 2974 Bergen‚
728 2932 1022 2973 stadsrekening
1039 2940 1108 2964 van
1129 2930 1213 2962 1396
1229 2940 1236 2962 :
1327 2930 1363 2962 la
1380 2928 1618 2971 predication
1633 2937 1704 2970 que
1720 2927 1746 2959 li

104 2984 284 3026 evesques
300 2985 467 3027 Hugiers
487 2987 548 3018 fist
566 2996 613 3019 ou
632 2987 796 3020 Markiet
813 2988 859 3019 de
876 2987 1005 3020 Simon
1023 2987 1069 3018 de
1088 2985 1195 3026 Mcry
1215 2987 1252 3018 et
1269 2985 1304 3018 le
1324 2985 1480 3018 Kamns.

147 3040 161 3062 3
182 3039 440 3080 Rijksarchief
455 3050 525 3074 van
548 3041 717 3081 Brussel,
734 3040 945 3075 cartulaire
961 3040 1006 3074 de
1030 3039 1184 3073 ΐόυέεήέ
1199 3039 1244 3073 cle
1274 3039 1454 3079 Tournai,
1473 3041 1500 3071 t.
1521 3039 1550 3079 Ι,
1571 3038 1637 3072 fol.
1662 3037 1739 3080 1083

106 3092 250 3134 Corpus
266 3093 318 3134 II,
341 3093 410 3127 blz.
431 3095 506 3128 143.
