2008 3166
119 272 180 303 164
303 269 605 304 OVERWICHT
648 270 746 302 DER
785 269 1242 303 BISSCHOPPELIJKE
1284 269 1563 308 INQUISITIE

116 384 254 427 siteur
290 384 353 426 zal
378 384 557 425 kunnen
581 381 837 438 aangesteld
876 380 1056 423 worden
1083 379 1280 422 beneden
1304 379 1387 422 den
1411 378 1649 422 ouderdom
1672 391 1756 421 van

119 453 287 507 veertig
303 454 450 509 jaren.

179 521 355 578 Terwijl
385 521 437 563 de
461 520 608 563 bullen
632 534 685 562 en
709 523 909 564 statuten
933 519 1011 562 der
1033 532 1198 575 pausen
1223 518 1265 560 in
1301 517 1353 560 de
1390 514 1481 560 13de
1503 529 1626 559 eeuw
1653 529 1760 559 over

114 590 165 632 de
188 589 388 645 regeling
410 589 487 631 der
508 588 736 644 Inquisitie
759 588 904 632 schier
941 586 1202 630 uitsluitend
1235 589 1367 641 tegen
1401 585 1453 628 de
1476 584 1646 628 ketters
1669 584 1758 641 zijn

113 659 283 716 gericht
306 671 358 699 en
383 658 532 700 hunne
556 657 910 712 onmeedogende
928 655 1293 710 onderdrukking
1316 668 1423 697 νοοῖ
1446 654 1542 697 (1061
1565 654 1756 708 hebben,

113 728 314 783 schijnen
339 727 443 769 deze
476 729 674 769 statuten
697 740 784 768 van
807 725 981 769 Vienne
1020 725 1193 768 veeleer
1216 727 1347 780 tegen
1381 724 1434 766 de
1467 723 1758 780 bisschoppen

114 810 166 838 en
189 796 242 838 de
278 794 561 850 inquisiteurs
600 794 955 849 uitgevaardigd.
991 794 1051 850 Zij
1088 793 1254 849 dragen
1288 793 1372 835 den
1405 792 1759 849 gebruikelijken

116 864 215 909 titel
247 863 315 906 De
347 863 602 915 haereticis;
645 876 766 906 maar
797 863 961 920 juister
997 863 1163 905 zouden
1202 863 1253 918 zij
1300 860 1367 904 De
1398 862 1691 918 episcoporum
1723 864 1764 904 et

110 932 424 991 inquisitorum
447 931 686 985 fraudibus
708 932 886 983 heeten,
914 945 983 974 om
1009 945 1087 974 een
1112 931 1190 973 der
1212 930 1392 987 talrijke
1416 933 1597 987 strenge
1621 943 1763 972 woor—

113 1003 195 1045 den
241 1016 324 1045 van
364 1001 426 1044 dit
471 1000 666 1057 kapitaal
707 1000 810 1044 stuk
848 1004 893 1043 te
933 999 1194 1056 gebruiken.
1237 1000 1324 1042 Het
1361 999 1398 1043 is
1437 999 1649 1056 eigenlijk
1681 1012 1761 1041 een

115 1072 272 1126 scherp
313 1071 557 1126 reglement
604 1084 690 1112 van
728 1069 980 1125 inwendige
1019 1069 1122 1111 orde
1165 1082 1272 1110 over
1313 1068 1365 1110 de
1406 1067 1764 1124 samenwerking

114 1141 192 1183 der
224 1140 346 1182 beide
381 1138 646 1194 Inquissties,
675 1143 760 1182 met
795 1152 875 1180 een
899 1137 1022 1181 sterk
1059 1136 1312 1195 beperkend
1347 1137 1576 1189 karakter,
1619 1136 1763 1193 getui-

116 1209 255 1265 gende
292 1223 378 1251 van
401 1208 563 1263 weinig
584 1211 870 1250 vertrouwen
894 1207 939 1249 in
963 1207 1015 1249 de
1038 1206 1330 1262 bisschoppen
1352 1206 1520 1250 zoowel
1552 1207 1618 1249 als
1640 1206 1685 1248 in
1710 1206 1762 1248 de

115 1277 414 1334 inquisiteurs,
442 1277 511 1319 die
534 1277 585 1319 de
609 1276 880 1333 ketterJacht
914 1276 959 1318 in
982 1276 1158 1318 handen
1182 1275 1373 1327 hadden‚
1403 1289 1456 1318 en
1481 1275 1533 1317 de
1556 1288 1761 1318 voorzor-

116 1364 199 1406 gen
236 1354 368 1406 tegen
410 1350 496 1392 alle
524 1349 756 1405 mogelijke
788 1347 1059 1392 misbruiken
1092 1347 1433 1403 schroomvallig
1476 1350 1761 1403 opeenstape·

116 1419 218 1462 lend
236 1422 268 1462 ¹.

177 1489 289 1530 Deze
312 1489 510 1530 statuten
544 1499 630 1529 van
675 1486 843 1529 Vienne
876 1485 1112 1529 verklaren
1146 1485 1245 1536 0013,
1283 1485 1358 1528 dat
1392 1486 1434 1527 al
1472 1485 1524 1527 de
1548 1497 1762 1540 vroegere

118 1556 357 1613 pauselijke
391 1555 742 1610 verordeningen
780 1555 1039 1610 aangaande
1078 1555 1130 1597 de
1153 1553 1381 1609 Inquisitie
1403 1553 1552 1609 geldig
1580 1553 1758 1609 blijven‚

118 1639 224 1668 νοοῖ
246 1625 420 1666 zooveel
443 1624 496 1680 zij
523 1625 626 1666 deze
650 1623 909 1679 bepalingen
937 1624 1029 1666 niet
1058 1623 1384 1679 tegenspreken
1408 1623 1553 1666 zooals
1578 1623 1631 1679 zij
1658 1622 1765 1664 door

119 1695 194 1737 het
217 1694 455 1749 Algemeen
480 1693 669 1736 Concilie
694 1692 777 1748 zijn
812 1691 1121 1747 bekraehtigd.
1165 1692 1443 1734 Herinneren
1476 1691 1549 1748 wij
1575 1691 1673 1733 hier
1696 1694 1765 1733 ter

119 1764 256 1817 loops,
285 1763 359 1804 dat
391 1762 639 1804 Alexander·
661 1761 723 1804 IV
747 1761 872 1804 reeds
907 1761 951 1803 in
979 1761 1093 1804 1255
1114 1761 1381 1816 maatregels
1412 1774 1626 1816 genomen
1659 1758 1763 1811 had,

120 1845 188 1874 om
210 1830 443 1886 botsingen
477 1830 687 1874 tusschen
728 1830 780 1872 de
812 1829 936 1873 beide
969 1830 1221 1884 Inquisities
1254 1834 1298 1873 te
1329 1829 1614 1881 voorkomen,
1642 1827 1764 1870 enin

124 1900 239 1944 1273
291 1899 377 1942 had
430 1899 669 1954 Gregorius
714 1900 757 1941 X
804 1913 853 1942 ze
900 1899 1177 1941 hernieuwd.
1233 1898 1325 1941 001<
1370 1897 1616 1940 Bonifacius
1660 1896 1765 1939 VIII

121 1968 343 2012 bemoeide
366 1982 413 2010 er
437 1968 531 2010 zich
565 1982 658 2010 mee
691 1968 733 2009 in
774 1968 888 2024 zijne
912 1968 1169 2010 Decretalen
1196 1981 1279 2009 van
1317 1967 1434 2011 1298
1451 1964 1481 2007 ².
1516 1967 1641 2009 Maar’
1663 1979 1764 2012 ner-‚-

122 2051 230 2093 gens
267 2038 425 2093 legden
463 2037 515 2079 de
547 2050 711 2093 pausen
745 2036 824 2079 der
865 2037 957 2079 13de
990 2050 1110 2080 eeuw
1144 2036 1244 2078 dien
1283 2035 1516 2078 honenden
1548 2048 1760 2089 argwaan

120 2120 204 2149 aan
227 2106 309 2148 den
329 2107 414 2162 dag
435 2119 542 2148 νοοῖ·
565 2107 781 2161 degenen,
807 2105 876 2147 die
899 2105 950 2147 de
973 2105 1247 2161 kettenjacht
1269 2108 1467 2147 moesten
1493 2103 1760 2147 uitoefenen.

121 2174 213 2216 Ook
252 2175 383 2217 lieten
424 2175 476 2230 zij
504 2178 592 2225 toe,
630 2174 706 2216 dat
739 2173 1031 2229 bissehoppen
1064 2187 1118 2215 en
1152 2173 1438 2228 inquisiteurs
1470 2171 1762 2228 afzonderlijk

122 2243 396 2294 handelden;
449 2258 506 2285 nu
558 2242 732 2299 schrijft
780 2242 980 2286 Clemens
1022 2243 1059 2283 V
1113 2242 1204 2284 hun
1253 2242 1408 2284 beiden
1462 2241 1515 2284 de
1559 2243 1764 2284 nauwste

122 2312 478 2366 samenwerking
522 2325 591 2367 op,
639 2312 771 2367 opdat
803 2311 854 2367 zij
891 2311 1102 2354 elkander
1146 2311 1220 2354 des
1264 2314 1308 2354 te
1342 2311 1553 2366 soherper
1594 2309 1762 2353 zouden

122 2380 360 2424 bewaken.

182 2451 302 2493 Voor
325 2463 432 2491 onze
456 2452 683 2504 gewesten
707 2448 907 2505 schijnen
931 2448 1162 2505 overigens
1180 2448 1247 2491 die
1270 2451 1469 2493 statuten
1487 2460 1571 2491 van
1589 2448 1763 2492 Vienne

164 2656 175 2677 1
199 2649 293 2684 Deze
320 2650 487 2683 statuten
514 2648 664 2682 hadden
687 2649 818 2683 vooral
842 2659 934 2682 voor
958 2649 1044 2683 doel
1070 2650 1115 2683 de
1140 2649 1380 2683 misbruiken
1403 2649 1472 2683 der
1495 2649 1698 2690 Inquisitie
1721 2649 1761 2682 in

121 2705 433 2746 Zuid-Frankrijk
460 2705 497 2738 te
524 2703 705 2738 beletten.
736 2705 810 2738 Dat
840 2705 886 2738 de
917 2705 1129 2746 pauselijke
1161 2705 1410 2747 inquisiteurs
1442 2704 1528 2746 diep
1561 2704 1761 2747 misnoegd

118 2769 259 2802 waren,
277 2761 456 2801 bowijzen
481 2760 527 2792 de
550 2758 730 2793 klachten
746 2769 819 2793 van
834 2760 907 2792 den
932 2760 1142 2793 beruohten
1166 2760 1404 2803 ketterjager
1427 2759 1601 2793 Bernard
1625 2759 1697 2792 Gui
1720 2758 1761 2791 in

118 2815 214 2856 zijne
232 2815 402 2848 Praetica
425 2814 678 2858 Inqzcz'sitz'onis
695 2814 902 2856 (omtreeks
928 2813 1014 2846 1330
1037 2815 1284 2858 geschreven)
1300 2816 1416 2857 tegen
1432 2814 1478 2847 de
1497 2813 1670 2847 Statuten
1688 2820 1761 2845 van

118 2868 215 2901 1311.
236 2870 290 2902 De
307 2869 554 2910 inquisiteurs
571 2870 750 2903 stoorden
770 2878 812 2903 er
835 2869 917 2902 zich
935 2870 1137 2913 overigens
1153 2870 1296 2913 weinig
1319 2878 1403 2903 aan.
1422 2869 1499 2911 (Zie
1517 2868 1607 2910 Lea,
1625 2866 1709 2901 deel
1727 2866 1759 2908 1,

119 2923 188 2956 blz.
207 2924 301 2965 493.)

161 2988 174 3010 ε
199 2980 261 3012 Zie
280 2988 370 3012 onze
390 2978 649 3013 Gesclciedenis
665 2979 732 3014 der
747 2979 953 3023 Inquisitie,
971 2980 1054 3014 (1661
1072 2980 1105 3022 Ι,
1123 2980 1193 3012 hlz.
1211 2980 1324 3022 69-71,
1340 2979 1395 3022 73,
1413 2979 1457 3011 74
1472 2988 1518 3013 en
1536 2978 1591 3010 77.
