2008 3166
174 250 236 283 199
372 250 798 286 WEDEROPKOMST
841 250 941 286 DER
981 251 1292 286 PAUSELUKE
1332 251 1611 292 INQUISITIE

174 360 534 405 kettermeesters
561 362 704 405 zullen
731 363 783 405 de
815 367 930 407 twee
961 376 1149 419 vroeger
1177 363 1283 405 door
1315 362 1399 405 den
1423 362 1477 406 H.
1503 361 1621 405 Stoel
1655 375 1820 420 aange-

175 430 313 473 stelde
349 430 632 485 inquisiteurs
669 432 734 486 (te
767 436 914 475 weten
948 433 1159 477 Walther
1192 431 1378 487 Kerling
1417 445 1470 473 en
1505 430 1730 488 Lodewijk
1768 431 1821 474 de

173 497 340 553 Caliga)
364 502 534 542 moeten
560 498 776 555 begrepen
802 501 980 543 worden
1006 515 1061 543 θη
1097 501 1188 543 hun
1217 498 1335 543 ambt
1362 498 1524 556 blijven
1551 499 1816 543 uitoefenen.

175 567 233 609 De
256 579 363 622 paus
385 565 587 622 bedreigt
611 568 920 611 daarenboven
944 574 1032 612 met
1067 569 1149 612 den
1187 567 1464 624 kerkelijken
1489 566 1574 610 ban
1598 567 1692 622 (sub
1715 580 1823 612 ana·

175 633 380 678 thematis
411 636 566 692 poena)
600 636 682 678 alle
716 637 1017 692 patriarchen,
1043 636 1476 692 aartsbisschoppen,
1512 635 1818 692 bisschoppen‚

173 703 356 753 keizers,
384 702 605 759 koningen
637 704 686 747 of
714 706 987 761 regeerders,
1011 706 1078 748 die
1101 705 1153 748 de
1177 705 1382 748 Duitsche
1408 705 1697 760 inquisiteurs
1721 718 1822 749 zou-

174 771 257 814 den
282 770 631 826 dwarsboomen,
657 773 847 829 hetgeen
881 773 1188 829 welsprekend
1220 772 1397 830 bewijst
1419 773 1492 816 dat
1518 773 1634 830 zijne
1666 787 1820 830 pause-

175 840 277 896 lijke
300 839 527 894 Inquisitie
552 841 641 884 niet
665 843 828 884 zonder
851 842 1120 898 tegenstand
1143 842 1264 884 werd
1289 841 1465 897 geduld.

234 909 354 951 Naar
371 908 454 950 alle
475 910 925 967 waarschijnlijkheid
945 914 1060 953 moet
1079 924 1178 953 men
1197 911 1292 952 hier
1314 910 1396 953 ook
1424 910 1476 952 de
1499 909 1822 965 ongedateerde

176 976 278 1019 bul¹
307 990 389 1019 van
424 977 679 1020 denzelfden
715 993 822 1033 paus
856 979 1073 1034 plaatsen,
1113 979 1179 1020 die
1214 979 1274 1035 hij
1300 983 1366 1022 tot
1390 978 1473 1021 den
1498 978 1821 1022 Utrechtschen

174 1045 376 1101 bisschop
411 1046 494 1088 Jan
529 1060 613 1088 van
652 1047 790 1089 Arkel
823 1046 895 1105 (en
925 1047 1239 1103 vermoedelijk
1281 1047 1363 1089 ook
1398 1051 1463 1090 tot
1503 1047 1617 1103 zijne
1656 1047 1825 1091 Neder-

175 1113 383 1156 landsche
416 1128 467 1156 en
493 1115 701 1158 Duitsche
734 1115 1096 1171 ambtgenooten)
1128 1115 1308 1167 richtte‚
1336 1130 1405 1158 om
1438 1116 1528 1159 hun
1561 1116 1614 1158 de
1645 1115 1825 1171 inquisi-

175 1184 313 1232 teurs,
344 1195 446 1225 voor
479 1183 627 1225 hunne
661 1183 930 1226 bisdommen
967 1183 1242 1240 aangesteld‚
1269 1197 1410 1226 warm
1441 1197 1525 1226 aan
1549 1187 1593 1227 te
1619 1182 1819 1236 bevelen‚

176 1249 265 1291 hun
289 1250 611 1294 herinnerende
633 1252 708 1294 dat
727 1253 803 1295 het
828 1252 998 1295 behoud
1019 1266 1102 1295 van
1123 1252 1175 1295 de
1193 1252 1450 1296 zuiverheid
1470 1252 1545 1295 des
1569 1252 1735 1308 geloofs
1759 1255 1826 1297 tot

178 1318 230 1360 de
253 1319 448 1374 plichten
471 1333 556 1362 van
581 1321 671 1363 hun
698 1320 818 1363 ambt
841 1321 1025 1364 behoort
1044 1319 1075 1363 ².

238 1387 380 1431 Reeds
415 1388 458 1430 in
483 1388 560 1431 het
591 1389 802 1444 volgende
830 1390 947 1446 jaar,
989 1388 1044 1445 bij
1071 1403 1151 1432 een
1185 1387 1494 1431 bevelschrift³
1517 1403 1601 1432 van
1648 1391 1702 1434 17
1737 1390 1819 1432 Fe-

178 1455 322 1499 bruari
351 1457 480 1508 1373,
508 1457 602 1499 zien
629 1458 699 1515 wij
735 1458 820 1501 dan
845 1458 927 1500 ook
944 1458 1092 1500 keizer
1116 1458 1252 1501 Karel
1274 1458 1337 1501 IV
1360 1457 1454 1500 zich
1477 1457 1649 1501 richten
1673 1461 1737 1502 tot
1771 1458 1824 1502 de

178 1523 586 1581 aartsbisschoppen
613 1540 698 1569 van
722 1526 846 1569 Trier
869 1541 923 1569 θη
959 1541 1042 1569 van
1076 1527 1264 1578 Keulen,
1303 1528 1370 1569 tot
1391 1526 1475 1568 den
1515 1526 1713 1582 bisschop
1737 1540 1822 1570 van

179 1591 332 1646 Luik⁴‚
369 1597 434 1637 tot
472 1594 524 1637 de
557 1595 772 1651 hertogen
806 1608 891 1638 van
932 1595 1222 1651 Luxemburg,
1269 1594 1492 1651 Limburg,
1535 1594 1731 1639 Brabant
1769 1609 1822 1640 en

179 1778 340 1787 ——
1309 1778 1834 1786 ———.-u—————

226 1908 237 1930 ¹
262 1908 506 1942 Bibliotheek
530 1919 600 1943 van
629 1910 923 1952 Wolfenbuttel,
949 1911 1208 1945 Helmstadter
1232 1911 1305 1945 HS.
1330 1917 1369 1943 n1·
1391 1909 1475 1951 2773
1501 1909 1708 1952 afgedrukt
1732 1909 1828 1943 door

182 1964 285 1996 Prof.
306 1964 427 1997 Finke
444 1964 482 1996 in
501 1964 565 1998 het
585 1963 779 1999 Romische
798 1965 1102 2008 Quartalsclzrz'fc‚
1124 1965 1220 2006 1896,
1240 1967 1330 1998 Heft
1347 1965 1410 2004 IV,
1432 1964 1500 1997 blz.
1519 1963 1595 1996 526.

223 2018 236 2039 '3
262 2019 353 2051 Cum
371 2028 416 2051 ex
433 2019 561 2052 debito
578 2021 778 2054 commisso
796 2021 865 2053 tibi
883 2021 1007 2053 officio
1025 2022 1192 2054 tenearis
1217 2029 1300 2053 esse
1324 2029 1392 2061 pro
1418 2019 1607 2052 catholica
1623 2019 1712 2053 fidei
1730 2028 1822 2052 con-

182 2074 394 2106 servatione
412 2073 611 2116 sollicitus,
629 2076 908 2109 fraternitatem
932 2078 1035 2109 tuam
1060 2084 1238 2118 rogamus
1263 2076 1301 2108 et
1325 2075 1522 2107 hortamur
1539 2074 1697 2116 attente,
1714 2082 1824 2107 man—

182 2128 313 2161 dantes
331 2130 516 2169 quatenus
534 2128 682 2162 dilectis
700 2129 789 2162 filiis
806 2131 883 2163 tuis
900 2131 937 2163 in
954 2131 1108 2163 civitate
1126 2132 1164 2164 et
1180 2130 1333 2172 dyocesi
1349 2129 1638 2171 inquisitoribus
1655 2127 1826 2162 heretice

182 2183 380 2224 pravitatis
403 2184 644 2225 presentibus
662 2185 700 2218 et
716 2186 855 2218 futuris
872 2186 912 2218 in
930 2185 1017 2226 hiis,
1036 2194 1109 2226 que
1131 2185 1330 2227 pravitatis
1355 2184 1650 2226 extirpationem
1675 2184 1714 2217 et
1734 2183 1824 2216 fidei

183 2239 428 2280 augmentum
463 2235 710 2280 concernunt,
748 2241 922 2282 prompte
958 2241 1111 2274 assistas
1149 2239 1331 2281 consiliiS‚
1372 2238 1525 2273 auxiliis
1560 2239 1599 2272 et
1632 2237 1824 2272 favoribus

184 2293 393 2334 oportunis.

226 2352 240 2373 3
263 2347 462 2388 Mosheim,
488 2347 542 2381 De
566 2347 788 2391 Beyhardis,
814 2349 883 2382 blz.
907 2349 1073 2391 3883923
1103 2349 1243 2393 Corpus
1264 2349 1295 2390 Ι,
1321 2348 1389 2382 blz.
1416 2347 1578 2382 225-228.
1596 2365 1640 2372 —
1655 2348 1719 2381 Zie
1743 2347 1817 2380 ook

184 2400 400 2435 Mosheim’s
417 2403 716 2446 aanmerkingen
732 2413 778 2446 op
795 2405 851 2437 dit
873 2404 1089 2447 belangrijk
1113 2405 1212 2446 stuk,
1233 2404 1303 2437 blz.
1323 2403 1388 2437 392
1411 2412 1420 2436 t
1441 2417 1457 2431 u
1479 2402 1551 2442 Qui
1567 2402 1734 2445 diploma
1749 2401 1821 2435 hoc

183 2466 269 2490 cum
284 2457 350 2490 illo
368 2458 569 2499 superiori,
588 2469 661 2500 quo
678 2459 902 2502 Kerlingius
919 2469 966 2493 ex
983 2459 1096 2493 Italia
1114 2460 1312 2493 Germanis
1331 2459 1627 2500 commendatur,
1645 2458 1821 2491 conferre

184 2512 359 2554 voluerit,
376 2513 476 2545 inter
500 2513 639 2555 stylum
663 2515 860 2556 utriusque
881 2514 1087 2556 plurimum
1116 2515 1301 2548 interesse
1318 2514 1468 2555 sentiet,
1487 2513 1820 2555 conjecturamque

185 2568 283 2600 forte
310 2577 384 2600 non
412 2568 641 2610 improbabit
672 2578 786 2611 supra
816 2570 1063 2611 propositam,
1097 2569 1202 2603 illam
1232 2569 1425 2612 Kerlingii
1457 2568 1822 2602 commendationem

186 2621 273 2655 Itali
290 2631 370 2655 esse
394 2622 555 2656 hominis
573 2624 800 2657 mirabiliter
817 2625 1094 2666 circumspecti,
1113 2625 1331 2666 captionum
1355 2624 1536 2666 omnium,
1554 2632 1623 2665 per
1639 2631 1730 2664 quas
1748 2623 1823 2655 vim

186 2672 314 2719 legum
339 2678 452 2710 astuti
478 2678 670 2712 declinare
694 2680 863 2721 possunt,
890 2679 929 2711 in
952 2680 1084 2721 primis
1108 2680 1218 2722 gnari
1243 2679 1427 2721 aulaeque
1451 2680 1646 2712 Romanae
1670 2677 1795 2710 devoti
1815 2686 1823 2709 :

187 2731 359 2772 alterum,
379 2734 477 2774 quod
499 2733 560 2766 hic
578 2734 762 2776 dedimus,
780 2735 827 2768 ad
853 2734 1012 2768 liberale
1038 2736 1313 2768 Germanorum
1337 2735 1534 2777 ingenium
1560 2732 1678 2767 multo
1702 2733 1824 2775 magis

188 2786 332 2818 accedit
348 2787 385 2818 et
403 2787 674 2820 Germanorum
692 2789 937 2830 imperatore,
956 2789 1028 2820 nisi
1045 2788 1170 2829 fallor,
1191 2789 1344 2831 dignius
1362 2790 1429 2821 est.
1453 2805 1468 2823 n

230 2844 243 2865 4
268 2839 343 2872 Het
366 2840 551 2882 asschrift,
569 2842 634 2875 dat
655 2842 840 2875 Mosheim
867 2843 1004 2885 uitgaf,
1021 2842 1177 2884 spreekt
1203 2841 1327 2876 alleen
1353 2852 1424 2876 van
1449 2843 1522 2876 den
1545 2841 1824 2883 aartsbisschop

188 2902 258 2926 van
287 2894 415 2936 Trier3
444 2905 548 2929 maar
578 2897 623 2930 de
647 2898 822 2940 nitgever
846 2898 935 2931 cloet
961 2898 998 2930 te
1022 2897 1130 2930 recht
1154 2898 1376 2939 opmerKen,
1404 2898 1468 2930 dat
1490 2897 1556 2930 het
1578 2896 1665 2929 stuk
1689 2904 1824 2929 onver-

189 2948 373 2991 mijdelijk
403 2950 476 2982 ook
505 2951 560 2983 tot
586 2952 632 2985 <le
659 2952 930 2994 kerkvoogden
962 2961 1032 2985 van
1061 2952 1210 2986 Keulen
1241 2962 1288 2986 en
1319 2952 1418 2986 Luik
1446 2952 1501 2986 zal
1529 2952 1601 2994 zijn
1629 2951 1822 2994 gezonden
