2008 3166
208 172 270 205 188
404 165 833 202 WEDEROPKOMST
876 163 980 198 DER
1018 161 1327 197 PAUSELIJKE
1365 159 1642 199 INQUISITIE

206 276 369 322 vicarii
402 274 630 333 procedent
650 287 730 330 pro
755 278 941 329 tempore
973 278 1012 315 et
1044 272 1175 321 alias,
1200 274 1312 315 sicut
1336 270 1588 327 cupediarii,
1615 271 1844 315 consilium

206 351 284 389 aut
317 345 535 389 auailium
558 348 598 386 et
618 343 818 393 favorem
840 344 944 385 totis
969 340 1138 385 viribus
1160 340 1408 398 devotisque
1430 339 1641 383 mentibus
1661 340 1844 395 efficaci—

209 421 274 458 ter
316 411 598 470 impendatis,
635 416 908 468 praestantes
950 409 1109 453 eisdem
1148 413 1317 453 vestros
1360 421 1562 458 carceres,
1604 407 1756 467 quibus
1796 408 1845 451 in

208 483 364 527 eisdem
396 479 601 537 partibus
637 492 782 523 carere
816 479 981 523 dicitur
1015 478 1199 534 officium
1230 477 1546 535 Inquisitionis
1576 476 1841 534 hujusmodi,

208 551 335 595 donec
358 550 491 606 officio
516 548 740 606 praedicto
763 548 813 591 de
835 549 966 591 certis
988 546 1182 590 domibus
1204 550 1240 589 et
1262 545 1504 590 carceribus
1525 549 1587 590 sit
1602 546 1842 602 provisum,

209 627 248 665 et
287 619 388 663 dum
431 623 471 662 et
514 618 711 675 quotiens
753 629 881 673 super
920 614 1196 660 arrestandis
1238 614 1458 673 aliquibus
1496 628 1574 671 per
1614 615 1734 671 ipsos
1775 627 1848 658 seu

208 692 378 735 nomine
400 693 597 746 ipsorum
613 688 798 741 fueritis
815 688 1037 746 requisiti,
1059 701 1134 731 vos
1151 687 1243 743 ipsi
1267 686 1375 730 tales
1396 690 1618 730 arrestare
1641 691 1677 729 et
1699 698 1848 743 capere

211 766 249 804 et
282 759 340 804 ad
372 759 507 802 locum
539 770 772 815 conqruum
804 761 844 800 et
874 769 1070 800 securum
1092 756 1250 799 eisdem
1271 754 1609 814 inquisitoribus
1639 768 1713 800 seu
1734 755 1848 812 ipso-

210 843 309 873 rum
341 827 540 878 vicariis,
578 826 695 869 omni
726 830 886 869 semota
919 825 1204 875 excusatione,
1241 824 1501 882 inquisitori
1530 828 1570 867 et
1600 836 1850 881 repraesen-

212 903 306 942 tare
357 898 531 940 curetis.
583 894 755 938 Verder
807 898 978 937 moeten
1032 894 1082 950 zij
1136 893 1188 935 de
1235 893 1516 949 inquisiteurs
1563 905 1657 936 cum
1705 905 1851 937 eorum

209 966 391 1020 familia
415 979 466 1019 op
505 965 557 1006 de
581 963 864 1007 minzaamste
903 963 1030 1019 wijze
1067 962 1340 1004 behandelen
1374 960 1565 1020 (benique
1594 962 1783 1014 recipere
1811 966 1851 1006 et

211 1036 382 1079 noneste
400 1032 705 1090 pertractare).
734 1033 799 1074 En
831 1032 884 1074 de
907 1032 1066 1075 laatste
1099 1031 1308 1074 woorden
1340 1045 1426 1073 van
1459 1031 1537 1073 het
1560 1030 1675 1073 edict
1705 1030 1851 1074 bevat-

213 1108 286 1146 ten
321 1116 424 1145 eene
463 1102 634 1144 nieuwe
673 1100 931 1156 bedreiging
969 1103 1099 1156 tegen
1140 1099 1192 1142 de
1232 1099 1456 1154 nalatigen
1479 1113 1488 1141 ε
1533 1097 1738 1157 Ejusque
1770 1111 1852 1156 pro

210 1171 396 1229 neqlectu
432 1169 688 1214 districtum
714 1169 940 1228 judicium
971 1174 1011 1212 et
1046 1173 1220 1212 nostrae
1253 1168 1538 1223 correptionis
1575 1166 1854 1224 temporalem

212 1243 259 1284 in
268 1241 469 1296 personis
490 1244 529 1282 et
551 1237 675 1282 rebus
695 1251 778 1281 non
801 1238 1036 1282 vereamini
1059 1238 1346 1282 acrimoniam
1367 1237 1601 1281 sustinere.

273 1310 341 1351 Dit
379 1322 473 1350 was
498 1321 583 1363 nog
606 1308 694 1350 niet
728 1320 913 1363 genoeg.
942 1308 1003 1365 Bij
1040 1308 1151 1364 zijne
1176 1306 1428 1363 keizerlijke
1451 1311 1539 1348 wet
1561 1318 1645 1348 van
1673 1305 1729 1348 10
1749 1303 1852 1348 Juni

221 1378 330 1422 1369
350 1376 535 1420 schenkt
555 1377 686 1419 Karel
710 1377 772 1419 IV
789 1390 871 1418 aan
892 1377 942 1419 de
966 1376 1208 1432 pauselijke
1230 1375 1510 1431 inquisiteurs
1530 1373 1573 1417 al
1596 1374 1647 1416 de
1669 1373 1851 1416 rechten

214 1461 266 1490 en
291 1442 622 1494 voormchten',
651 1445 717 1487 die
741 1445 832 1488 hun
857 1445 945 1487 ooit
967 1445 1144 1487 werden
1169 1443 1412 1500 toegekend
1436 1443 1542 1486 door
1565 1442 1616 1484 de
1645 1441 1853 1485 Duitsche

214 1515 383 1558 keizers
426 1528 479 1557 en
513 1514 619 1556 door·
659 1514 712 1556 de
755 1513 977 1569 koningen
1022 1527 1106 1556 van
1143 1512 1396 1570 Frankrijk,
1439 1512 1674 1562 Bohemen,
1711 1511 1855 1566 Enge-

215 1587 332 1638 land,
358 1586 515 1637 Sicilie,
541 1586 714 1642 Spanje‚
743 1586 996 1642 Hongarije,
1036 1584 1315 1636 Normandie'‚
1347 1585 1484 1627 Polen
1510 1583 1558 1626 of
1579 1583 1685 1626 door
1717 1581 1854 1625 welk-

215 1656 372 1711 danige
395 1655 557 1698 andere
581 1655 775 1710 prinsen,
803 1654 1033 1709 hertogen,
1063 1654 1212 1696 edelen
1249 1653 1295 1695 of
1323 1653 1597 1708 regeerders‚
1624 1664 1852 1702 wanneer,

215 1725 297 1767 hoe
321 1738 373 1766 en
398 1737 520 1765 waar
543 1727 612 1765 ter
636 1722 798 1764 wereld
833 1722 915 1765 ook
939 1720 1307 1780 (quandocumque
1339 1720 1605 1779 ubicumque,
1629 1718 1854 1778 quomodo-

214 1804 394 1850 cumque
431 1793 476 1833 in
499 1791 657 1844 Italia,
698 1790 863 1841 Gallia,
895 1789 1134 1834 Germania
1167 1790 1233 1834 vel
1253 1789 1585 1848 quibuscumque
1615 1788 1721 1832 aliis
1753 1787 1856 1832 locis

213 1875 286 1905 seu
308 1859 460 1904 mundi
479 1858 697 1916 partibus,
735 1860 1003 1917 conjunctim
1033 1860 1100 1902 vel
1131 1857 1349 1911 divisim).
1376 1859 1442 1900 En
1474 1862 1540 1901 tot
1569 1857 1856 1914 handhaving

215 1944 298 1972 van
324 1930 364 1972 al
388 1929 455 1971 die
478 1929 660 1972 rechten
685 1943 736 1971 en
761 1928 1054 1971 voorrechten
1078 1928 1154 1970 der
1178 1928 1421 1985 pauselijke
1443 1926 1728 1981 inquisiteurs
1751 1927 1857 1971 stelt

216 1999 267 2041 de
291 1998 437 2041 keizer
460 2002 575 2040 twee
599 1998 814 2053 hertogen
837 1997 920 2048 (die
942 2011 1027 2039 van
1047 1997 1213 2039 Saksen
1238 2011 1291 2039 en
1318 2010 1401 2038 van
1426 1995 1713 2053 Brunswijk)‚
1740 1998 1856 2039 twee

218 2081 383 2123 graven
402 2067 490 2121 (die
515 2080 598 2109 van
622 2065 1020 2121 Schwartzenberg
1053 2079 1104 2107 en
1130 2079 1215 2108 van
1245 2066 1436 2117 Nassau)
1460 2078 1513 2108 cn
1546 2068 1663 2106 twee
1687 2063 1857 2107 ridders

218 2136 306 2192 (die
324 2149 409 2177 van
428 2135 688 2192 Hansteijne
712 2149 766 2177 en
786 2149 869 2178 van
889 2135 1218 2190 Witzeleyven)
1235 2147 1318 2176 aan
1337 2138 1402 2176 tot
1421 2137 1585 2176 tutores
1602 2145 1651 2176 ac
1673 2133 1859 2188 efficaces

219 2208 536 2248 conservatores
558 2216 608 2247 ac
623 2202 885 2255 defensores.
908 2202 1051 2245 Alwie
1070 2203 1210 2244 hierin
1230 2202 1574 2257 ongehoorzaam
1593 2202 1645 2254 is,
1667 2203 1733 2244 zal
1752 2215 1858 2244 voor

221 2273 364 2316 iedere
388 2272 671 2328 overtreding
688 2286 795 2315 eene
819 2271 919 2315 boet
941 2285 1025 2313 van
1050 2271 1247 2313 honderd
1271 2271 1396 2313 mark
1419 2271 1556 2325 gouds
1590 2274 1736 2326 (poena
1767 2281 1859 2313 een-

222 2347 313 2385 tum
336 2353 585 2384 marcarum
609 2341 714 2384 auri
732 2340 987 2396 purissimi)
1013 2340 1203 2392 betalen,
1229 2352 1441 2382 waarvan
1461 2340 1512 2381 de
1531 2338 1643 2382 helft
1666 2342 1741 2381 ten
1759 2337 1858 2381 bate

221 2411 300 2453 der
321 2409 574 2466 keizerlijke
599 2409 815 2452 schatkist
838 2423 891 2451 en
915 2409 968 2451 de
987 2408 1149 2451 andere
1174 2408 1285 2451 helft
1317 2411 1392 2450 ten
1416 2407 1515 2450 bate
1547 2407 1625 2450 der
1647 2419 1860 2462 veronge-

223 2479 345 2535 lijkte
370 2478 669 2534 inquisiteurS.
697 2478 855 2529 Alwie‚
882 2491 938 2520 na
971 2477 1062 2519 drie
1096 2477 1324 2527 maanden,
1363 2477 1446 2519 den
1478 2476 1856 2526 kettermeesters,

224 2548 404 2590 hunnen
437 2546 674 2589 vicarissen
708 2546 756 2589 of
784 2547 964 2589 hunnen
1001 2544 1282 2589 ambtenaars
1304 2545 1552 2588 weerstand
1577 2544 1645 2588 zal
1662 2543 1858 2600 geboden

226 2615 410 2675 hebben,
437 2616 503 2657 zal
527 2615 835 2657 daarenboven
858 2615 898 2657 al
918 2615 1030 2671 zijne
1049 2614 1265 2670 goederen
1291 2618 1362 2656 ten
1382 2613 1482 2656 bate
1502 2614 1580 2656 der
1607 2613 1860 2669 keizerlijke

271 2810 280 2830 ¹
308 2802 442 2836 Omnia
468 2803 683 2846 privilegia,
713 2804 868 2844 statuta,
894 2803 1052 2846 gratias,
1081 2803 1352 2847 indulgentiaS,
1381 2803 1653 2845 exemptiones,
1682 2802 1861 2836 immuni-

228 2857 336 2896 tates,
355 2856 565 2890 libertates.
