1976 3134
337 129 768 164 WEDEROPKOMST
807 129 910 162 DER
950 126 1259 161 PAL'SELIJKE
1295 126 1569 165 INQUISITIE
1713 125 1774 158 189

133 239 349 292 schatkist
382 239 475 281 zien
512 239 721 282 aanslaan
761 252 813 280 en
853 239 893 280 al
928 238 1040 294 zijne
1080 236 1277 286 rechten,
1322 235 1633 285 voorrechten,
1670 234 1772 290 vrij-

134 307 292 357 heden‚
319 307 494 350 ambten
516 321 568 349 en
593 306 936 362 waardigheden
958 306 1189 348 verliezen.

193 378 311 421 Eene
329 379 455 421 week
477 379 589 421 later
609 377 764 432 volgde
783 391 862 419 een
882 377 1013 419 derde
1035 374 1262 430 keizerlijk
1282 374 1382 416 stuk
1403 374 1472 431 (17
1497 373 1598 417 Juni
1623 372 1769 428 1369),

134 445 308 489 ditmaal
333 445 632 489 rechtstreeks
655 445 826 501 gericht
850 448 916 487 tot
949 444 1000 486 de
1023 449 1138 486 twee
1163 441 1346 498 geliefde
1370 441 1609 499 pauselijke
1634 440 1775 496 inqui-

136 515 294 558 siteurs
326 515 525 558 Walther
548 514 734 569 Kerling
757 528 810 556 en
835 512 1058 569 Lodewijk
1093 512 1144 553 de
1164 511 1329 566 Caliga,
1359 511 1507 552 hunne
1532 513 1648 553 twee
1670 509 1777 551 door·

134 583 321 639 Kerling
341 582 624 638 aangestelde
647 582 984 637 ambtgenooten
1009 594 1063 623 en
1087 581 1126 623 al
1153 581 1301 622 hunne
1325 579 1573 634 opvolgers.
1602 576 1773 633 Daarbij

135 650 309 694 beveelt
331 651 384 694 de
406 651 553 693 keizer
577 665 630 706 op
663 650 715 693 de
748 652 964 692 zwaarste
1000 648 1178 692 straffen
1213 661 1295 690 aan
1330 648 1369 689 al
1404 647 1457 689 de
1489 644 1776 699 breedvoerig

135 720 395 776 opgesomde
417 719 674 776 geestelijke
697 732 751 762 en
770 717 1042 774 wereldlijke
1060 716 1309 759 overheden
1328 729 1412 758 van
1434 715 1518 771 zijn
1539 715 1592 756 H.
1618 715 1774 757 Room-

137 787 240 831 sche
264 788 382 845 Rijk,
405 788 479 831 dat
498 787 550 844 zij
571 788 653 831 alle
671 787 923 830 kettersche
946 784 1214 841 geschriften
1236 785 1278 826 in
1298 784 1350 826 de
1372 783 1586 826 volkstaal
1607 785 1776 825 moeten

137 869 348 912 opsporen
369 870 422 898 en
447 869 528 898 aan
549 856 599 898 de
623 855 913 910 apostolische
935 854 1291 897 kettermeesters
1310 852 1551 895 uitleveren
1577 864 1646 892 om
1668 850 1776 892 door

136 925 223 967 hen
256 924 521 967 onderzocht
559 937 611 966 en
650 923 866 966 verbrand
906 927 949 966 te
987 922 1178 965 worden.
1213 923 1269 964 De
1309 920 1564 976 schuldigen
1606 923 1775 961 moeten

137 996 355 1053 gekastijd
378 996 557 1038 worden
582 994 810 1038 secundum
831 994 990 1052 stylum
1015 993 1333 1051 Inquisitionis
1355 996 1394 1035 et
1417 991 1777 1044 informationem

136 1067 455 1124 inquisitorum
476 1079 550 1110 seu
571 1066 865 1123 inquisitor-is.
892 1064 1203 1107 Daarenboven
1229 1063 1414 1106 schenkt
1449 1063 1508 1119 hij
1534 1062 1614 1104 den
1641 1061 1776 1116 inqui·

137 1135 298 1178 siteurs
321 1135 397 1178 het
421 1148 521 1177 zeer
539 1134 851 1190 gewaardeerd
870 1133 1106 1176 voorrecht
1129 1146 1196 1174 om
1220 1132 1263 1175 in
1287 1132 1405 1174 ieder
1421 1127 1614 1173 bisdom²
1629 1131 1776 1172 hunne

137 1203 290 1259 eigene
322 1203 570 1246 notarissen
604 1216 689 1245 aan
725 1216 779 1244 en
813 1202 860 1245 af
887 1205 930 1244 te
965 1202 1122 1244 stellen
1147 1215 1199 1243 en
1230 1200 1288 1256 hij
1318 1205 1461 1242 neemt
1487 1199 1538 1241 de
1563 1211 1777 1253 voorzorg

137 1272 214 1316 het
236 1271 563 1331 eedsformulier
579 1271 671 1314 dier
694 1271 944 1314 notarissen
964 1284 1016 1326 op
1034 1274 1077 1312 te
1097 1283 1254 1325 geven,
1275 1267 1455 1324 waarbij
1482 1268 1534 1324 zij
1556 1270 1776 1323 getrouw-

138 1342 237 1386 heid
260 1356 342 1385 aan
367 1342 448 1385 den
473 1341 620 1384 keizer
642 1342 794 1384 zelven
821 1356 873 1384 en
899 1340 1289 1397 gehoorzaamheid
1315 1353 1395 1381 aan
1419 1339 1470 1381 de
1496 1337 1777 1393 inquisiteurs

143 1424 319 1454 zweren
337 1409 370 1455 ³.

197 1479 300 1523 Niet
322 1480 463 1522 alleen
487 1479 539 1522 de
561 1479 859 1534 inquisiteurs‚
886 1492 1008 1521 maar
1030 1477 1111 1520 ook
1135 1477 1284 1520 hunne
1319 1475 1565 1520 notarissen
1585 1472 1599 1495 ⁴
1633 1474 1776 1516 zullen

139 1549 181 1592 al
217 1548 269 1591 de
302 1549 485 1591 rechten
519 1562 574 1591 en
609 1547 897 1590 voorrechten
934 1547 1158 1602 genieten,
1191 1546 1258 1588 die
1291 1545 1382 1587 hun
1416 1545 1506 1587 ooit
1536 1544 1581 1586 in
1614 1543 1776 1586 andere

141 1616 299 1660 landen
327 1617 502 1660 werden
525 1616 749 1666 verleend,
778 1615 1191 1671 niettegenstaande
1213 1615 1298 1657 alle
1323 1616 1487 1656 wetten
1511 1612 1558 1655 of
1570 1612 1776 1654 verorde-

141 1685 323 1740 ningen,
359 1684 502 1727 welke
535 1698 584 1727 er
615 1684 737 1726 mede
770 1684 813 1727 in
852 1684 982 1741 strijd
1023 1683 1190 1726 zouden
1224 1682 1329 1739 zijn.
1368 1682 1464 1724 Alle
1498 1679 1777 1723 overtreders

140 1753 284 1796 zullen
318 1753 491 1796 telkens
524 1766 631 1796 eene
655 1754 754 1796 boet
777 1766 860 1795 van
885 1751 1082 1795 honderd
1107 1751 1230 1794 mark
1254 1750 1392 1806 gouds
1414 1749 1606 1798 betalen,
1638 1761 1778 1790 waar-

142 1835 225 1863 van
261 1821 314 1864 de
337 1821 447 1864 helft
469 1826 543 1864 ten
570 1821 669 1864 bate
692 1821 769 1862 der
792 1821 1048 1878 keizerlijke
1078 1819 1295 1863 schatkist
1319 1832 1372 1860 en
1399 1819 1450 1860 de
1484 1817 1645 1860 andere
1668 1815 1780 1858 helft

140 1894 216 1934 ten
238 1890 339 1933 bate
365 1890 442 1934 der
463 1889 761 1946 inquisiteurS.

202 1961 262 2003 De
290 1959 438 2002 vierde
471 1972 523 2001 en
558 1959 718 2001 laatste
751 1955 1012 2013 keizerlijke
1046 1954 1284 2005 oorkonde‚
1319 1968 1372 2010 op
1407 1953 1660 1997 denzelsden
1696 1953 1780 2008 dag

139 2028 187 2083 (7
209 2028 234 2070 J
240 2028 312 2070 uni
338 2027 467 2084 1369)
489 2025 842 2083 uitgevaardigd,
863 2038 957 2067 was
980 2024 1032 2066 de
1057 2023 1451 2079 ver-schrikkelijke
1473 2026 1562 2064 wet
1595 2035 1703 2064 over
1725 2021 1777 2063 de

140 2095 617 2151 verbeurdverklaring
649 2109 702 2137 en
736 2095 813 2138 het
843 2092 1002 2136 verder
1033 2090 1218 2148 gebruik
1250 2104 1332 2133 van
1368 2091 1420 2133 de
1453 2091 1670 2146 goederen
1704 2090 1780 2132 der

143 2163 400 2220 Beggarden
424 2177 477 2206 en
501 2165 712 2220 Begijnen
731 2160 766 2206 ⁵.
790 2162 923 2204 Karel
958 2161 1020 2203 1V
1044 2160 1172 2202 wilde
1205 2172 1289 2202 aan
1323 2159 1375 2201 de
1405 2158 1633 2214 Inquisitie
1657 2159 1700 2200 in
1727 2157 1778 2200 de

142 2231 348 2275 Duitsche
377 2231 536 2274 landen
567 2232 618 2274 de
649 2230 998 2287 gevangenissen
1023 2242 1076 2271 en
1102 2227 1251 2271 sterke
1274 2230 1424 2270 torens
1452 2227 1684 2282 bezorgen,
1712 2225 1780 2268 die

187 2446 197 2467 ¹
223 2443 298 2476 Sub
323 2442 534 2484 privatione
559 2443 770 2474 vestrorum
794 2440 1097 2483 privilegiorum,
1122 2438 1278 2480 jurium,
1297 2437 1521 2479 gratiarum,
1547 2435 1778 2468 libertatum.

185 2499 199 2520 2
224 2498 299 2530 Pro
317 2496 487 2538 qualibet
503 2496 644 2529 diocesi
662 2495 818 2528 cuilibet
835 2498 1001 2528 vestrum
1019 2494 1223 2535 assignata.

184 2557 200 2579 ³
225 2553 366 2596 Corpus
382 2552 412 2591 Ι,
432 2551 500 2584 blz.
519 2550 595 2583 217.
612 2569 653 2574 -—
670 2550 769 2584 Over
785 2551 830 2583 de
848 2549 1144 2591 moeilijkhedcn
1164 2549 1232 2580 dcx·
1249 2547 1449 2587 Inquisitio
1469 2547 1544 2577 met
1561 2545 1605 2576 dc
1624 2552 1779 2586 gcwonc

144 2608 368 2645 notarissen,
394 2607 449 2639 zie
483 2605 679 2644 Mosheim,
708 2605 757 2637 Β»
792 2603 1018 2649 Beyhardis,
1045 2603 1113 2636 blz.
1146 2602 1230 2642 3673
1257 2603 1424 2643 Acquoy,
1454 2597 1616 2633 Gerardz·
1649 2598 1780 2640 Maynz'

144 2660 318 2706 epistolae
337 2660 442 2700 XIV,
463 2660 531 2692 blz.
550 2659 606 2699 33,
623 2659 678 2698 34,
698 2662 805 2700 noot3
827 2660 916 2701 Lea,
934 2658 1016 2692 deel
1037 2658 1086 2698 II,
1105 2657 1174 2689 blz.
1196 2656 1271 2689 391.

187 2734 201 2755 ⁴
225 2716 324 2750 Over
346 2716 391 2748 de
415 2715 550 2757 eigene
575 2715 786 2747 notarissen
812 2715 880 2747 der
904 2714 1165 2754 inquisiteurs‚
1191 2712 1247 2744 zie
1271 2712 1441 2751 Aequoy,
1463 2707 1627 2742 Gerardz'
1651 2707 1782 2751 Mayni

144 2770 320 2815 epistolae
343 2769 449 2808 XIV,
470 2769 540 2802 blz.
559 2769 615 2808 33,
632 2769 688 2808 34,
708 2771 810 2802 noot.

188 2825 201 2846 ⁵
225 2825 288 2859 zie
305 2824 525 2864 hierboven,
543 2824 581 2856 in
599 2833 666 2856 ons
682 2823 839 2857 Achtste
861 2821 1088 2861 Hoofdstuk,
1109 2819 1175 2853 blz.
1199 2819 1272 2851 140.
