2008 3278
507 768 817 836 VIJFDE
897 766 1447 834 HOOFDSTUK

162 954 658 989 ONDERDRUKKING
695 954 810 987 DER
846 953 1061 987 EERSTE
1093 951 1451 986 GEESELAARS
1489 951 1795 992 (1349-1357)

323 1024 398 1057 EN
443 1024 682 1057 TWEEDE
720 1022 980 1057 OPKOMST
1017 1022 1131 1055 DER
1166 1021 1334 1055 SECTE
1368 1021 1428 1054 IN
1469 1020 1602 1053 1400.

870 1186 1072 1193 ——-——

222 1347 273 1390 In
296 1347 464 1390 lateren
488 1347 566 1403 tijd
589 1347 750 1403 gingen
774 1346 825 1389 de
842 1347 1099 1390 Geeselaars
1117 1360 1222 1390 voor
1240 1361 1345 1390 eene
1368 1351 1632 1405 opgeraapte
1657 1347 1796 1391 bende

163 1415 431 1472 onzedelijke
465 1429 517 1459 en
549 1420 715 1459 woeste
743 1416 1105 1472 opstandelingen
1138 1416 1257 1459 door.
1296 1417 1413 1459 Doch
1441 1418 1496 1459 Le
1520 1417 1668 1460 Muisit
1703 1420 1796 1460 tee-

163 1484 304 1528 kende
328 1498 433 1528 eene
456 1485 583 1528 reeks
613 1485 796 1528 artikels
829 1485 905 1528 der
937 1484 1258 1528 voorschriften
1292 1499 1361 1540 op,
1399 1486 1539 1528 welke
1563 1486 1615 1529 de
1638 1486 1797 1529 Geese-

164 1554 280 1596 laars
312 1557 509 1597 moesten
544 1554 723 1597 beloven
756 1568 812 1597 na
836 1558 879 1598 te
910 1555 1036 1597 leven
1070 1568 1138 1597 om
1160 1554 1203 1597 in
1226 1554 1277 1596 de
1300 1553 1423 1598 Secte
1457 1568 1726 1612 opgenomen
1752 1558 1795 1598 te

165 1623 360 1666 worden.
386 1622 636 1666 Daaronder
668 1623 825 1666 komen
860 1624 953 1666 veel
986 1624 1128 1667 louter
1161 1624 1347 1666 moreele
1378 1622 1637 1680 bepalingen
1671 1637 1792 1676 voor,

165 1691 232 1734 die
268 1705 342 1734 ver
364 1691 502 1735 boven
526 1692 601 1735 het
623 1692 706 1748 peil
730 1692 806 1735 der
828 1706 1010 1748 gewone
1035 1692 1320 1749 zedelijkheid
1353 1692 1445 1735 dier
1477 1693 1613 1749 dagen
1650 1695 1793 1745 staan,

165 1761 309 1804 zooals
331 1760 459 1818 blijkt
483 1761 546 1805 uit
566 1760 618 1803 de
651 1761 863 1817 volgende
895 1762 1150 1804 uittreksels
1172 1776 1180 1804 :
1227 1780 1244 1801 <a
1268 1762 1395 1812 Item,
1427 1761 1794 1818 recognoscendo,

165 1830 278 1885 quod
310 1842 457 1873 omnes
490 1843 636 1873 sumus
669 1844 721 1872 ex
754 1843 839 1874 una
871 1830 1053 1873 materia
1087 1831 1236 1880 creati,
1274 1831 1486 1885 redempti
1518 1844 1604 1873 uno
1637 1830 1795 1886 pretio,

165 1898 301 1942 dotati
323 1912 408 1942 uno
432 1897 560 1949 dono,
588 1897 789 1942 debemus
814 1913 924 1942 unus
948 1900 1135 1942 alterum
1158 1898 1340 1942 fratrem
1363 1899 1640 1955 appellare...
1666 1900 1792 1951 Item,

164 1970 211 2011 tu
250 1980 335 2010 non
373 1966 566 2023 portabis
609 1971 856 2012 armaturas
894 1981 975 2011 nec
1013 1967 1091 2010 ibis
1136 1969 1180 2010 in
1224 1967 1347 2011 bellis
1394 1981 1471 2023 pro
1512 1981 1794 2023 quocumque,

165 2040 343 2092 excepto
365 2039 439 2081 tuo
460 2050 564 2080 vero
588 2037 823 2081 Domino...
849 2038 960 2081 Item
982 2040 1030 2080 tu
1054 2036 1182 2080 debes
1205 2036 1309 2079 dare
1333 2036 1605 2092 elemosynas
1639 2050 1798 2092 paupe-

165 2103 284 2148 ribus
311 2106 547 2149 seeundum
570 2120 696 2162 posse
720 2110 900 2151 tuum...
926 2107 1051 2157 Item,
1078 2109 1123 2149 tu
1146 2108 1189 2149 te
1211 2096 1340 2148 debes
1364 2103 1556 2160 obligare
1580 2105 1632 2147 ad
1657 2107 1795 2147 totam

165 2173 468 2218 abstinentiam
493 2175 637 2218 carnis
671 2176 916 2231 specialiter
948 2178 1039 2218 toto
1074 2188 1204 2219 cursu
1236 2175 1352 2218 vitae
1386 2178 1487 2217 tuae
1510 2177 1553 2217 et
1576 2173 1795 2217 custodire

165 2246 314 2286 sancte
338 2249 460 2287 tuum
484 2243 807 2287 matrimonium
826 2248 870 2288 et
887 2258 972 2287 non
995 2243 1144 2301 jurare
1168 2244 1211 2286 in
1235 2257 1393 2286 vanum
1416 2245 1442 2285 ¹.
1473 2263 1490 2282 »

224 2313 284 2355 De
319 2312 613 2370 tijdgenooten
637 2313 723 2369 zijn
746 2313 822 2357 het
846 2313 1074 2369 overigens
1098 2326 1199 2355 eens
1235 2326 1303 2354 om
1326 2316 1369 2354 te
1392 2311 1615 2367 getuigen,
1643 2311 1717 2353 dat
1742 2311 1794 2353 de

163 2380 419 2425 Geeselaars
451 2382 491 2423 in
517 2381 598 2425 den
623 2381 808 2437 beginne
842 2396 977 2425 eenen
1012 2385 1193 2438 grooten
1229 2394 1282 2423 en
1316 2380 1588 2436 weldadigen
1620 2380 1793 2423 invloed

166 2462 218 2505 op
235 2450 286 2492 de
305 2449 521 2506 openbare
544 2450 828 2507 zedelijkheid
852 2450 1145 2494 uitoefenden.
1167 2450 1225 2492 Le
1242 2449 1394 2492 Muisit
1411 2453 1510 2505 zegt
1526 2449 1596 2491 vol
1616 2448 1793 2491 bewon-

165 2517 334 2574 dering,
360 2518 433 2562 dat
456 2532 644 2562 mannen
668 2533 722 2562 en
745 2533 956 2563 vrouwen
977 2520 1021 2562 in
1044 2519 1171 2562 zulke
1204 2519 1342 2574 hooge
1377 2521 1491 2561 mate
1513 2517 1792 2573 godvruohti-

209 2756 216 2779 ¹
235 2758 286 2791 Le
303 2758 454 2792 Muisit:
475 2758 571 2792 Miro
595 2759 706 2792 modo
724 2760 761 2793 et
777 2760 1027 2803 memorabili,
1045 2761 1116 2793 viri
1142 2770 1185 2793 ac
1209 2760 1387 2793 mulieres
1413 2759 1601 2794 seculares
1625 2761 1705 2792 toto
1724 2760 1789 2792 illo

164 2812 335 2854 tempore
358 2813 397 2846 in
420 2814 563 2847 tantam
587 2814 824 2849 devotionem
847 2816 1092 2856 devenerunt,
1117 2816 1215 2856 qnod
1241 2825 1314 2848 non
1340 2816 1397 2848 est
1424 2815 1535 2848 facile
1559 2815 1605 2848 ad
1630 2816 1791 2848 creden-

166 2867 294 2901 dum...
313 2868 362 2901 Et
378 2868 448 2901 hoc
464 2869 536 2902 suit
553 2870 591 2902 in
610 2870 780 2904 'l'ornaco
798 2872 835 2904 et
851 2871 889 2903 in
908 2871 1066 2904 diversis
1084 2871 1187 2904 locis,
