1976 3134
643 61 746 96 DER
781 60 971 96 EERSTE
1008 60 1330 95 GEESELAARS
1761 62 1804 95 87

166 175 313 217 rector
335 187 387 216 en
408 172 458 216 de
476 171 669 230 gansche
687 172 977 216 Universiteit
998 172 1116 215 werd
1140 171 1427 228 bekrachtigd
1452 177 1481 216 ¹.
1505 172 1565 230 Zij
1592 173 1802 229 spoorden

164 241 248 285 den
280 241 534 285 Franschen
568 240 736 298 koning
765 244 835 285 tot
866 241 1108 297 geweldige
1144 242 1404 297 maatregels
1436 254 1521 284 aan
1550 255 1604 284 en
1636 242 1805 284 zonden

166 309 306 354 boden
341 324 422 354 aan
447 311 530 353 den
563 324 669 366 paus
692 313 735 353 te
768 310 990 365 Avignon,
1017 323 1086 352 om
1119 309 1218 352 hem
1242 309 1461 365 eerbiedig
1484 313 1527 353 te
1559 310 1804 352 verzoeken

162 379 277 436 zijne
293 379 575 435 oppermacht
598 379 690 421 niet
713 377 977 434 ongebruikt
996 382 1041 422 te
1059 379 1195 429 laten,
1220 379 1409 434 hetgeen
1429 378 1502 421 het
1522 378 1805 434 gewenschte

161 447 258 490 doel
291 448 382 491 niet
415 449 542 491 miste
565 445 595 490 ².
633 447 826 503 Volgens
850 447 908 490 Le
942 446 1110 500 Muisit,
1146 447 1214 490 die
1246 447 1323 490 het
1355 460 1439 490 van
1474 460 1610 489 eenen
1642 446 1805 503 geloof-

165 516 419 573 waardigen
444 516 706 573 ooggetuige
728 515 920 572 gehoord
940 515 1041 566 had,
1065 515 1233 558 zouden
1261 520 1302 558 te
1320 515 1526 572 Avignon
1545 516 1587 558 in
1607 515 1704 558 dien
1727 515 1805 572 tijd

163 587 280 628 twee
303 585 486 628 duizend
509 585 767 628 Geeselaars
785 583 846 626 uit
870 583 1152 626 Duitschland
1177 584 1475 640 aangekomen
1498 584 1585 641 zijn
1609 597 1677 626 om
1700 584 1806 627 door

167 653 249 696 den
274 667 381 710 paus
405 653 554 696 hunne
577 652 871 708 handelingen
902 654 946 695 16
969 652 1089 695 laten
1117 653 1412 708 goedkeuren.
1441 652 1565 695 Maar
1585 652 1616 694 's
1640 652 1804 695 avonds

165 722 288 765 werd
323 722 413 765 hun
447 721 585 764 onder
618 721 931 776 bedreigingen
960 719 1083 763 bevel
1121 734 1315 777 gegeven
1354 724 1398 764 16
1420 720 1713 772 vertrekken;
1751 735 1805 763 en

164 791 195 833 ’s
228 790 562 846 anderendaags
596 788 971 846 gehoorzaamden
1006 789 1060 846 zij
1095 789 1271 846 haastig
1303 803 1372 833 om
1405 789 1494 832 niet
1526 802 1645 832 meer
1676 791 1806 846 terug

162 861 207 902 te
225 858 387 902 keeren
409 856 443 902 ³.

227 929 334 971 Wat
364 941 413 970 er
434 927 517 970 ook
541 941 626 970 van
651 926 724 984 zij,
761 929 837 971 het
862 941 953 971 was
986 941 1065 970 een
1090 927 1407 977 Nederlander,
1443 926 1510 969 die
1534 928 1578 970 te
1603 926 1804 982 Avignon

164 996 216 1039 de
240 996 439 1039 hoofdrol
473 996 646 1052 speelde
680 995 735 1053 bij
773 997 856 1039 den
886 1011 993 1053 paus
1026 1000 1094 1039 ter
1115 994 1401 1052 gelegenheid
1424 1009 1510 1038 van
1542 995 1595 1038 de
1627 1008 1804 1038 161001-

162 1064 337 1120 deeling
365 1065 443 1107 der
469 1065 862 1109 Geeselaarssecte.
889 1065 986 1108 Aan
1013 1065 1044 1107 ’1
1066 1064 1197 1107 hoofd
1221 1064 1298 1106 der
1317 1062 1624 1120 afvaardiging
1644 1077 1729 1106 van
1752 1063 1805 1106 de

164 1133 390 1190 Parijsche
432 1134 732 1189 Hoogeschool
767 1133 936 1177 bevond
969 1134 1064 1176 zich
1097 1133 1150 1176 de
1181 1132 1470 1189 godgeleerde
1508 1133 1590 1176 Jan
1624 1132 1679 1175 du
1713 1133 1806 1190 Fay

160 1202 354 1258 (Fayta)‚
392 1201 620 1258 geboortig
642 1216 727 1245 van
750 1202 1066 1245 Saint—Amand
1098 1202 1143 1244 in
1167 1201 1462 1253 Vlaanderen‚
1491 1201 1558 1244 die
1582 1201 1624 1243 in
1648 1204 1803 1257 tegen-

162 1269 461 1326 woordigheid
497 1285 582 1313 van
606 1271 807 1316 Clemens
830 1272 891 1315 VI
914 1271 966 1313 de
998 1270 1256 1314 Geeselaars
1277 1273 1365 1314 met
1387 1270 1538 1312 woord
1561 1283 1614 1313 en
1648 1269 1804 1313 schrift

162 1355 239 1385 zoo
261 1341 554 1398 krachtdadig
576 1342 765 1393 aanviel‚
793 1342 867 1385 dat
891 1343 944 1386 de
967 1355 1072 1398 paus
1096 1342 1203 1386 door
1225 1342 1325 1384 hem
1347 1341 1577 1397 overtuigd
1601 1341 1725 1384 werd
1748 1354 1802 1384 en

161 1410 408 1454 handelend
446 1411 618 1467 optrad.
666 1412 750 1455 Jan
785 1411 840 1454 du
883 1412 976 1468 Fay
1013 1410 1096 1454 had
1132 1411 1361 1466 overigens
1398 1411 1487 1467 ziJn
1519 1413 1802 1453 vertrouwen

159 1493 407 1536 gewonnen
440 1493 490 1523 en
524 1480 645 1522 werd
678 1480 784 1522 door
805 1480 906 1523 hem
938 1484 1025 1523 met
1058 1479 1347 1535 apostolische
1380 1479 1621 1535 zendingen
1660 1479 1804 1535 gelast

159 1562 267 1591 naar
283 1549 315 1592 't
330 1548 596 1592 Luikerland
621 1563 673 1592 en
693 1549 853 1593 elders.
879 1549 1156 1606 Vervolgens
1179 1548 1300 1592 werd
1319 1548 1378 1607 hij
1400 1547 1472 1591 abt
1490 1548 1567 1590 der
1586 1547 1801 1605 machtige

158 1616 524 1675 Sint-Baafsabdij
552 1621 595 1661 te
618 1617 733 1661 Gent
752 1615 785 1662 ⁴.

203 1842 214 1864 ¹
239 1841 417 1883 Bulaeus,
445 1841 612 1875 Historia
645 1840 898 1874 Universitacis
923 1838 1160 1880 Parisiensz‘s,
1178 1837 1262 1871 deel
1287 1837 1352 1877 IV,
1378 1835 1448 1869 blz.
1475 1834 1541 1867 314
1551 1846 1559 1877 3
1588 1833 1726 1877 Corpus
1749 1833 1801 1875 ΙΙ,

159 1896 228 1930 blz.
256 1897 332 1938 113,
358 1896 432 1928 114.
455 1915 498 1920 —
521 1895 682 1929 Bulaeus
706 1896 819 1938 voegt
843 1904 886 1928 er
910 1895 957 1936 bij
979 1904 986 1926 ε
1016 1907 1031 1921 u
1058 1893 1203 1926 Nullibi
1233 1894 1359 1926 autem
1387 1893 1425 1925 in
1454 1890 1735 1925 commentariis
1764 1889 1803 1921 et

157 1950 324 1992 antiquis
354 1952 546 1985 codicibus
577 1951 840 1984 definitionem
875 1949 980 1983 illam
1012 1958 1078 1982 seu
1110 1949 1304 1981 decretum
1335 1947 1499 1990 reperiri
1529 1945 1636 1988 potui
1668 1943 1801 1977 contra

157 2004 446 2048 Flagellatores.
461 2022 476 2039 η
492 2006 548 2039 De
563 2005 765 2048 vervolger
782 2014 828 2046 op
843 2003 1056 2037 Guillaume
1073 2004 1119 2036 de
1135 2003 1278 2045 Nangis
1295 2001 1433 2044 schijnt
1449 1998 1692 2043 integendeel
1710 1998 1797 2031 dien

158 2060 260 2093 tekst
276 2061 396 2094 onder
412 2061 458 2094 de
475 2069 600 2104 oogen
617 2062 654 2093 te
672 2060 820 2093 hebben
838 2059 962 2102 gehad
981 2067 1027 2091 en
1046 2066 1088 2091 er
1105 2058 1150 2091 de
1167 2057 1366 2100 ontleding
1381 2066 1452 2090 van
1469 2058 1506 2089 te
1523 2065 1657 2098 geven.

201 2115 215 2137 ²
241 2116 424 2148 Dominus
451 2124 549 2158 papa
573 2115 747 2149 Clemens
771 2114 836 2155 VI,
863 2115 908 2148 de
932 2114 1003 2146 hoc
1028 2114 1132 2146 fatuo
1157 2122 1252 2146 novo
1277 2111 1353 2146 ritu
1378 2120 1446 2154 per
1470 2111 1673 2154 magistros
1695 2110 1801 2144 Pari-

160 2170 318 2210 sienses,
338 2171 403 2212 qui
427 2171 473 2204 ad
498 2179 585 2204 eum
610 2170 763 2203 nuntios
788 2170 1010 2203 reverenter
1033 2168 1227 2208 miserant,
1253 2166 1424 2210 plenarie
1448 2167 1688 2205 informatus,
1714 2174 1800 2198 cum

160 2226 260 2258 esset
285 2226 418 2258 contra
442 2226 529 2267 jura
552 2224 821 2258 damnabiliter
845 2224 1062 2264 adinventa,
1092 2232 1156 2256 eos
1181 2220 1458 2265 Flagellatores
1482 2221 1549 2254 sub
1575 2220 1801 2254 auctoritate

160 2279 356 2322 prohibuit
373 2281 411 2313 et
427 2279 622 2322 prohiberi
639 2280 741 2313 fecit.
761 2278 886 2320 (Ibid.)

203 2338 218 2361 3
242 2333 294 2368 Le
311 2334 456 2374 Muisit‚
472 2334 544 2367 blz.
562 2333 627 2366 353
647 2344 654 2366 :
673 2334 809 2367 Audivi
828 2334 942 2367 etiam
969 2342 991 2367 a
1014 2341 1176 2376 persona
1192 2331 1422 2371 authentica,
1441 2330 1539 2372 quod
1556 2330 1636 2372 ipse
1654 2329 1802 2362 viderat

161 2389 348 2422 Avinione
366 2389 440 2421 duo
457 2389 565 2422 milia
583 2388 718 2422 talium
734 2389 1024 2431 poenitentium,
1043 2388 1106 2429 qui
1123 2388 1232 2421 erant
1248 2388 1294 2420 de
1310 2386 1554 2427 Alamannia3
1571 2385 1610 2418 et
1625 2384 1802 2418 volebant

160 2444 302 2476 factum
321 2452 429 2476 suum
455 2444 494 2476 et
518 2443 680 2476 aliorum
705 2452 774 2485 per
797 2452 933 2486 papam
952 2444 990 2476 et
1011 2443 1155 2476 curiam
1179 2441 1394 2484 approbari.
1413 2440 1575 2481 Fuitque
1592 2439 1647 2473 eis
1663 2439 1702 2472 in
1718 2446 1801 2472 ves-

157 2507 249 2540 pere
268 2498 496 2538 nuntiatum,
515 2498 614 2540 quod
640 2498 875 2539 recederent,
895 2497 1062 2541 alioquin
1079 2498 1256 2530 damnum
1278 2495 1518 2529 incurrerent
1541 2494 1580 2528 et
1602 2493 1797 2527 haberent.

159 2553 207 2586 Et
224 2553 278 2585 sic
294 2553 333 2585 in
352 2553 413 2586 die
430 2553 597 2586 crastina
613 2554 652 2586 et
667 2554 752 2595 post
770 2552 896 2586 nullus
913 2562 1044 2587 eorum
1061 2552 1283 2594 comparuit.

201 2611 215 2634 ⁴
240 2607 380 2640 Contra
403 2608 544 2640 sectam
561 2606 863 2649 Flagellatorum
885 2607 1022 2640 missus
1039 2608 1126 2640 ante
1150 2615 1256 2639 suam
1272 2603 1550 2648 promotionem
1566 2601 1635 2645 (als
1650 2602 1711 2637 abt
1726 2612 1802 2637 van

158 2660 387 2704 Sint-Baafs)
399 2661 445 2694 ab
463 2661 712 2694 universitate
729 2661 937 2694 Parisiensi
955 2662 1001 2694 ad
1015 2662 1156 2694 dictum
1170 2660 1415 2699 Clementem,
1433 2666 1626 2692 sermones
1642 2658 1680 2692 et
1696 2659 1801 2691 actus

162 2717 334 2759 publicos
347 2717 386 2750 in
413 2716 494 2750 e'ius
508 2717 726 2759 praesentia
742 2717 963 2751 solemniter
980 2717 1213 2759 praedicavit
1229 2717 1267 2749 et
1283 2715 1466 2755 exercuit,
1485 2723 1643 2756 quorum
1660 2714 1800 2747 virtute

168 2771 268 2806 idem
293 2771 464 2814 pontifex
492 2771 630 2805 dictam
655 2773 796 2805 sectam
820 2771 1063 2813 annihilavit3
1081 2770 1286 2814 pluresque
1309 2770 1402 2804 alias
1426 2769 1638 2813 legationes
1660 2769 1738 2802 tam
1761 2769 1800 2802 111
