2008 3278
542 725 877 793 VIERDE
931 720 1483 789 HOOFDSTUK

206 873 280 907 DE
303 870 566 907 OPKOMST
593 869 711 904 VAN
732 869 806 903 DE
829 868 998 903 SEGTE
1021 867 1136 901 DER
1160 864 1518 900 GEESELAARS
1540 865 1601 899 IN
1631 864 1750 899 1349
1775 862 1809 900 ¹.

251 1117 366 1162 Juist
398 1117 442 1160 in
465 1118 494 1161 ’t
516 1116 688 1160 midden
722 1130 775 1159 en
803 1116 914 1173 juist
948 1129 1000 1171 op
1033 1115 1108 1159 het
1141 1116 1266 1159 einde
1295 1115 1372 1159 der
1398 1115 1486 1160 14de
1510 1130 1653 1169 eeuw,
1680 1116 1825 1159 schier-

193 1186 544 1230 samenvallende
577 1189 666 1228 met
688 1186 739 1228 de
764 1185 1004 1242 pauselijke
1035 1183 1278 1242 jubeljaren
1321 1186 1435 1229 1350
1471 1200 1524 1229 en
1564 1185 1693 1236 1400,
1731 1185 1826 1228 zien

193 1255 266 1313 wij
291 1255 335 1298 in
359 1269 464 1298 onze
487 1258 713 1311 gewesten
738 1255 789 1297 de
812 1257 929 1297 secte
962 1253 1040 1296 der
1068 1254 1326 1297 Geeselaars
1350 1253 1368 1276 ²
1388 1254 1637 1311 gedurende
1675 1254 1826 1310 eenige

193 1327 407 1370 maanden
429 1340 512 1370 aan
531 1328 561 1370 ’t
583 1326 762 1369 woeden
787 1340 854 1368 om
873 1326 957 1368 dan
982 1339 1101 1367 weer
1124 1327 1346 1381 spoorloos
1369 1327 1433 1369 uit
1455 1330 1499 1369 te
1523 1330 1720 1369 sterven.
1741 1326 1829 1368 Het

194 1396 231 1438 is
268 1397 331 1439 als
370 1410 477 1438 eene
514 1395 855 1453 voorbijgaande
892 1394 1150 1450 geestelijke
1188 1395 1460 1447 smetziekte,
1501 1395 1568 1437 die
1601 1397 1689 1436 met
1721 1407 1828 1436 eene

195 1465 508 1520 tusschenpoos
546 1478 631 1507 van
676 1464 779 1520 stipe
823 1463 969 1521 vijftig
1000 1463 1126 1519 jaren
1165 1464 1217 1506 de
1250 1464 1554 1508 Nederlanden
1594 1463 1826 1506 tweemaal

195 1533 318 1578 heeft
339 1534 579 1589 geteisterd
602 1531 633 1577 ³.

237 1708 250 1731 1
267 1708 332 1742 Dit
354 1707 558 1741 hoofdstuk
581 1716 629 1741 en
652 1707 698 1741 (16
721 1708 818 1741 twee
841 1706 1026 1750 volgende
1042 1707 1195 1740 werden
1216 1707 1325 1741 reeds
1350 1715 1586 1750 opgenomen
1610 1707 1649 1740 in
1666 1707 1713 1740 (16
1737 1705 1828 1740 Ver-

193 1762 444 1806 handelinyen
471 1763 689 1805 (in-quarto)
716 1772 786 1795 van
815 1763 861 1795 de
889 1762 1139 1803 Koninklijke
1167 1762 1371 1796 Academie
1398 1771 1469 1795 van
1497 1761 1830 1804 wetensohappen,

192 1818 355 1852 letteren
379 1827 426 1851 en
450 1818 613 1851 schoone
637 1817 800 1851 kunsten
817 1826 888 1850 van
913 1817 1059 1860 Belgie,
1079 1817 1162 1850 (1661
1180 1817 1280 1850 LIII.
1296 1816 1477 1860 (Brussel‚
1498 1816 1611 1858 1897.)
1627 1835 1671 1840 —
1687 1816 1830 1850 Aldaar

193 1873 249 1907 zal
275 1881 362 1906 men
388 1872 461 1905 ook
484 1881 577 1906 eene
601 1871 811 1915 gekleurde
835 1871 939 1914 plaat
961 1872 1111 1911 vimen,
1138 1871 1414 1905 voorstellende
1439 1880 1559 1905 oenen
1585 1871 1739 1914 optoeht
1763 1871 1832 1904 der

194 1927 414 1962 Geeselaars
444 1929 522 1960 met
551 1927 671 1969 kruis,
703 1936 797 1960 vaan
832 1935 879 1960 en
910 1927 1150 1960 waskaarsen
1186 1927 1223 1960 te
1257 1927 1428 1960 Doornik
1458 1927 1499 1960 in
1532 1927 1628 1967 1349,
1663 1935 1756 1960 naar
1786 1926 1832 1959 de

193 1983 400 2016 miniatuur
416 1991 486 2016 van
511 1991 580 2015 een
615 1981 848 2025 gelijktijdig
871 1981 1107 2014 handschrift
1123 1982 1191 2014 der
1207 1982 1304 2022 Kon.
1324 1981 1567 2016 Bibliotheek
1583 1991 1653 2015 van
1678 1980 1832 2014 Brussel

193 2037 246 2081 (nr
269 2036 401 2078 13076),
419 2037 644 2071 bevattende
668 2037 713 2070 de
737 2037 891 2078 kronijk
914 2045 986 2070 van
1010 2036 1118 2070 Gillis
1143 2037 1196 2070 Le
1220 2037 1363 2070 Muisit.
1385 2038 1463 2080 (Zie
1489 2037 1633 2080 aldam,
1659 2045 1749 2070 over
1771 2036 1832 2068 die

194 2091 514 2136 sehilderaehtige
531 2091 763 2135 asbeelding,
781 2091 860 2125 Een
876 2090 1003 2125 woord
1018 2091 1162 2135 vooraf,
1181 2092 1252 2125 blz.
1272 2092 1289 2123 1
1308 2101 1355 2125 en
1371 2091 1420 2134 2.)

236 2151 251 2173 2
268 2148 323 2181 De
337 2147 552 2189 Latijnsche
565 2147 768 2189 Kronijken
784 2156 943 2180 noemen
960 2156 1000 2180 ze
1013 2146 1280 2190 F'layellatores
1293 2148 1332 2180 of
1343 2146 1570 2181 Poenitentes
1577 2156 1590 2188 ;
1603 2147 1643 2180 in
1657 2147 1703 2180 de
1717 2146 1832 2180 Fran-

195 2203 282 2238 sehe
297 2203 461 2237 stukken
478 2203 614 2237 heeten
631 2203 674 2245 zij
693 2201 940 2246 Flayecleurs,
956 2202 1135 2236 Batteurs
1151 2204 1190 2236 of
1213 2202 1387 2243 Penans,·
1402 2203 1441 2236 in
1458 2203 1505 2236 de
1521 2200 1833 2236 Nederlandsche

195 2259 323 2293 noemt
338 2267 425 2292 men
441 2258 516 2292 hen
535 2256 751 2293 GeeseZaars
775 2259 814 2290 of
839 2256 1146 2298 Cruusbroeders,
1164 2266 1258 2291 naar
1273 2258 1320 2291 (16
1345 2257 1503 2291 kruisen
1520 2257 1581 2290 die
1604 2257 1647 2298 zij
1675 2265 1723 2298 op
1739 2256 1832 2289 hun·

195 2323 270 2348 nen
284 2312 384 2346 hoed
400 2322 446 2347 en
463 2322 510 2355 op
527 2312 605 2346 hun
629 2312 833 2347 overkleed
849 2313 1030 2356 droegen.
1048 2313 1092 2346 In
1110 2313 1157 2347 de
1173 2311 1249 2345 16110
1266 2321 1374 2346 eeuw
1394 2314 1481 2356 zegt
1501 2311 1680 2354 Meyerus
1695 2322 1705 2345 ε
1726 2325 1742 2339 u
1761 2310 1832 2350 Qui

193 2369 333 2403 tratres
352 2367 532 2411 Cruciferi
549 2370 587 2402 et
603 2367 874 2411 Flayellatores
891 2368 1193 2411 appellabantur.
1214 2383 1230 2397 n
1249 2367 1407 2412 (Corpus
1423 2368 1454 2408 I,
1472 2367 1542 2400 blz.
1562 2366 1652 2408 198.)

238 2423 253 2447 ³
279 2423 343 2457 Zie
366 2422 542 2457 hierover
564 2423 721 2465 Kervyn
748 2423 794 2456 de
822 2423 1068 2463 Lettenhove,
1097 2422 1260 2457 Histoire
1286 2421 1332 2456 de
1358 2421 1530 2456 Flandre
1553 2422 1628 2464 (lste
1651 2421 1834 2465 uitgave),

197 2478 281 2513 (1661
297 2477 368 2519 111,
385 2478 455 2511 blz.
472 2477 638 2520 353-3593
656 2478 720 2512 het
743 2478 1023 2522 merkwaardig
1046 2478 1252 2511 hoofdstuk
1267 2488 1274 2511 :
1294 2478 1348 2512 De
1367 2477 1584 2513 Geeselaars
1609 2486 1655 2510 en
1672 2476 1717 2509 de
1732 2475 1834 2509 Dan-

195 2543 286 2575 εενε,
318 2533 366 2575 bij
399 2532 463 2568 W.
496 2532 603 2575 Moll,
634 2532 989 2577 Kerkyeschz‘edenis
1018 2543 1093 2567 van
1124 2532 1344 2567 Nederland
1375 2535 1465 2566 υόόν
1495 2531 1541 2566 de
1569 2531 1835 2574 Hervorminq,

197 2588 281 2622 (1661
304 2588 357 2629 11,
388 2588 504 2622 derde
528 2588 628 2629 stuk,
654 2588 722 2621 blz.
750 2587 870 2629 73-84;
904 2589 1105 2622 Hoffmann
1130 2598 1202 2621 von
1227 2588 1503 2628 Fallersleben,
1531 2584 1744 2621 Geschz'chte
1770 2584 1836 2619 des

197 2642 397 2677 deutschen
418 2642 697 2677 Kirclzenziedes
720 2642 773 2677 bis
795 2643 872 2687 auf
886 2642 1050 2678 Luthers
1073 2643 1163 2685 Zeit‚
1193 2642 1248 2675 30¹⁹
1273 2644 1428 2687 uitgave
1452 2642 1578 2686 (1861),
1604 2641 1673 2674 blz.
1701 2640 1766 2673 130
1787 2650 1835 2675 en

196 2697 313 2742 volg.,
330 2707 378 2732 en
394 2698 440 2731 de
456 2700 590 2741 groote
608 2697 788 2731 Duitsche
804 2698 958 2732 werken
977 2708 1066 2732 over
1082 2699 1127 2732 de
1151 2698 1491 2732 middeleeuwsche
1514 2695 1834 2735 kerkgeschiede-

198 2753 267 2792 ms,
285 2753 473 2786 benevens
496 2751 562 2786 het
584 2753 823 2786 doorwrocht
847 2753 985 2787 artiKel
1010 2763 1079 2787 van
1104 2754 1139 2787 J.
1166 2752 1322 2796 Zaeher,
1347 2754 1386 2786 in
1409 2751 1528 2786 Ersch
1551 2750 1633 2784 und
1660 2749 1836 2786 Gruber's

198 2806 427 2850 Allyerneine
441 2805 732 2851 Encyklopddie,
749 2807 833 2842 (1661
850 2808 946 2849 LVI,
963 2807 1033 2841 blz.
1052 2807 1210 2851 242-258,
1228 2817 1275 2842 en
1299 2809 1346 2842 de
1371 2807 1609 2850 belangrijke
1626 2805 1834 2839 verhande-

198 2862 282 2906 ling
296 2871 368 2896 van
391 2862 439 2896 K.
458 2862 644 2906 Lechner‚
662 2862 730 2896 Die
748 2872 876 2906 yrosse
902 2862 1125 2907 Geiselfahrt
1149 2863 1214 2897 des
1236 2862 1372 2898 Jahres
1394 2864 1495 2906 1349,
1519 2863 1559 2895 in
1583 2861 1650 2895 het
1672 2860 1835 2895 Histori-

197 2916 301 2951 sches
320 2916 527 2960 Jahrbuch,
545 2917 629 2952 (1661
648 2918 693 2961 V,
711 2917 780 2951 blz.
798 2917 946 2950 437-462
961 2918 1088 2961 (1884).
