2008 3278
867 166 1063 200 INHOUD
1724 170 1776 203 IX

1659 235 1728 263 Lu.

278 274 381 309 Hare
405 274 665 318 volgelingen,
692 273 752 308 die
773 273 925 307 vriende
952 275 991 307 of
1020 273 1079 308 die
1101 284 1225 316 nuwe3
1251 274 1342 308 hare
1374 276 1559 318 vijanden‚

277 334 336 368 die
359 334 454 368 oude
480 336 519 368 or
541 333 600 368 die
622 333 784 368 vremde.
808 352 852 358 —
875 334 1020 377 Eigene
1051 335 1495 377 levensbijzonderheden
1522 338 1561 370 in

276 394 368 428 hare
385 395 632 438 geschriften.
650 413 693 419 —
706 395 761 429 De
779 394 842 428 126
855 395 1095 429 volmaakten
1112 397 1180 429 der
1196 396 1325 430 Minna
1340 407 1346 429 :
1373 396 1416 429 29
1431 398 1469 430 in
1486 398 1558 431 den

277 455 412 489 Hemel
437 464 483 490 en
499 455 542 487 97
567 465 614 498 op
631 456 760 497 aarde,
792 456 1016 489 waaronder
1045 455 1088 488 29
1119 456 1157 489 in
1185 455 1251 489 het
1275 456 1495 490 buitenland
1512 467 1558 491 en

274 514 319 547 68
348 516 387 548 in
412 516 457 549 de
482 515 791 550 Nederlandsche
815 518 1020 559 gewesten.
1039 534 1078 541 —
1096 516 1330 560 Verachting
1353 525 1399 550 en
1415 518 1557 551 vervol-

273 576 418 619 gingen
437 585 616 619 vanwege
634 577 680 609 de
698 576 885 618 vijanden.
914 594 935 599 -
962 576 1177 618 Ketterijen
1199 578 1238 609 in
1255 577 1300 610 de
1323 577 1558 620 geschriften

275 645 347 669 van
371 637 504 670 Zuster
532 636 764 678 Hadewijch.
785 655 829 661 —-
853 636 955 670 Hare
979 645 1074 679 gave
1091 636 1159 670 der
1182 638 1366 678 profectie
1391 647 1437 671 en
1468 639 1562 673 haar

272 696 395 738 gemis
412 705 483 730 aan
501 697 690 730 ootmoed.
705 715 748 720 —
760 697 1015 739 Verbreiding
1037 697 1151 730 harer
1168 699 1280 731 secte.
1296 716 1339 722 —
1352 698 1474 732 Maria
1489 709 1560 733 van

273 756 469 798 Valencijn
502 757 713 791 omstreeks
744 756 843 791 1400.
872 775 913 781 —
952 758 1039 801 Nog
1070 757 1223 800 talrijke
1253 758 1492 802 aanhangers
1521 762 1558 793 te

272 817 425 850 Brussel
445 818 657 851 omstreeks
671 818 768 851 1410.

140 925 317 967 VmRnE
350 924 642 968 HOOFDSTUK.
680 949 733 956 —
766 925 829 967 DE
861 937 1062 968 OPKOMST
1094 937 1186 967 VAN
1220 937 1276 967 DE
1311 937 1446 968 SECTE
1478 939 1565 969 DER

202 1006 494 1050 GEESELAARS
525 1020 572 1050 m
607 992 721 1050 1349
746 1039 756 1049 .
829 1040 837 1050 .
910 1037 1560 1052 .........
1637 1009 1775 1054 61-78

314 1110 366 1143 De
399 1109 620 1144 Geeselaars
651 1111 862 1144 omstreeks
890 1111 956 1144 het
987 1110 1139 1143 midden
1172 1111 1240 1143 der
1272 1109 1346 1142 13de
1380 1119 1486 1144 eeuw
1517 1112 1556 1144 in

269 1169 393 1211 Italiej,
412 1179 483 1203 van
506 1170 598 1204 daar
614 1171 653 1203 in
671 1170 919 1204 Duitschland
937 1170 1061 1212 (1260).
1080 1189 1123 1194 —
1141 1171 1198 1204 De
1217 1185 1232 1197 ιι
1252 1171 1396 1204 Zwarte
1414 1171 1521 1204 Dood
1540 1188 1556 1200 „

270 1229 309 1261 in
328 1228 524 1262 1348-1349.
552 1249 592 1254 -
617 1231 660 1264 In
679 1230 763 1263 1349
778 1230 917 1264 komen
934 1231 980 1264 de
997 1230 1217 1264 Geeselaars
1235 1231 1292 1263 uit
1309 1231 1556 1265 Duitschland

270 1298 363 1323 naar
385 1290 431 1323 de
449 1290 727 1324 Nederlanden.
749 1309 787 1314 ——
806 1291 860 1323 Te
878 1291 976 1324 Luik
994 1300 1040 1324 en
1058 1292 1094 1323 te
1112 1291 1295 1324 Doornik.
1311 1310 1353 1315 —
1369 1291 1558 1334 Bepaalde

269 1350 645 1393 bedevaartplaatsen
673 1351 728 1385 als
755 1351 963 1391 Baudeloo,
993 1352 1098 1385 Mont
1117 1351 1396 1393 Saint-Aubert‚
1429 1353 1554 1385 Door-

271 1410 350 1449 nik,
370 1411 538 1453 Londen‚
558 1420 636 1444 enz⁴
665 1431 704 1436 —
730 1412 816 1445 Hun
834 1411 950 1455 getal.
981 1431 1023 1435 —
1041 1411 1205 1453 Kronijk
1221 1421 1293 1444 van
1309 1412 1483 1455 AEgidius
1501 1413 1554 1446 Le

272 1470 402 1504 Muisit
419 1480 509 1505 over
531 1472 578 1505 de
595 1471 817 1506 Geeselaars
841 1474 878 1506 te
895 1472 1066 1505 Doornik
1096 1490 1138 1495 —
1155 1473 1418 1516 Verbittering
1442 1476 1555 1516 tegen

270 1530 317 1564 de
340 1530 631 1574 geestelijkheid
663 1532 804 1566 aldaar.
836 1550 877 1556 —
909 1533 964 1566 De
990 1533 1297 1566 Doornikenaars
1321 1533 1458 1576 volgen
1490 1533 1555 1568 het

271 1591 475 1625 voorbeeld
505 1593 573 1626 der
600 1593 776 1626 vreemde
804 1593 1024 1627 Geeselaars
1053 1602 1111 1626 na.
1143 1612 1183 1617 —
1212 1593 1459 1637 Opsomming
1489 1595 1557 1628 der

270 1651 431 1692 benden,
450 1653 511 1686 die
537 1653 708 1686 Doornik
733 1653 922 1687 bezoeken
943 1653 1042 1694 (5272
1066 1654 1242 1687 vreemde
1267 1654 1487 1688 Geeselaars
1504 1654 1555 1688 al-

268 1711 360 1745 daar
383 1712 560 1746 tusschen
587 1713 626 1745 15
641 1714 741 1756 Aug.
760 1723 807 1747 en
831 1714 946 1757 begin
963 1713 1043 1747 Oct.
1066 1713 1174 1755 1349),
1192 1714 1321 1747 vooral
1345 1715 1401 1747 uit
1419 1715 1554 1748 Vlaan·

268 1772 385 1806 deren
405 1773 625 1817 afkomstig.
645 1791 685 1798 ω
701 1774 956 1816 Jaarlijksche
980 1776 1115 1818 groote
1139 1775 1330 1816 processie
1354 1775 1485 1808 aldaar
1501 1776 1556 1817 (14

269 1834 516 1877 September).
546 1851 583 1859 —
609 1834 729 1867 Einde
754 1835 822 1867 der
849 1833 1276 1877 Geeselaarsbeweging
1303 1835 1340 1868 te
1369 1835 1550 1868 Doornik.

264 1911 309 1918 —
339 1893 643 1928 Kleederdracht
676 1894 745 1927 der
775 1894 1008 1928 Geeselaars.
1035 1912 1077 1918 --
1105 1894 1242 1927 Hunne
1273 1894 1490 1936 optochten.
1515 1915 1554 1920 —

268 1955 355 1988 Hun
371 1963 529 1998 gezang.
544 1971 587 1978 —
605 1954 743 1988 Hunne
760 1953 1069 1988 Nederlandsche
1092 1963 1138 1988 en
1151 1953 1350 1988 Waalsche
1371 1954 1553 1989 liederen.

267 2033 301 2039 —
325 2015 459 2048 Hunne
486 2015 714 2058 oefeningen
747 2015 865 2049 onder
885 2014 951 2048 het
973 2014 1165 2057 geeselen.
1185 2033 1226 2040 —
1243 2015 1381 2049 Hunne
1396 2015 1554 2050 verdere

268 2073 515 2117 levenswijze.
534 2092 574 2099 -
592 2075 780 2108 Vrouwen
802 2075 923 2108 onder
946 2074 1033 2109 hen.

136 2182 301 2226 ernss
338 2183 626 2226 Hoopnsrux.
666 2207 718 2213 ——
753 2184 814 2226 DE
846 2196 1235 2241 ONDERDRUKKING
1268 2197 1357 2228 DER
1389 2197 1556 2229 EERSTE

193 2261 480 2307 GEESELAARS
501 2262 795 2320 (1349-1355)
829 2277 887 2306 Ex
918 2277 976 2307 DE
1008 2277 1196 2308 TWEEDE
1228 2277 1434 2308 OPKOMST
1469 2279 1557 2309 DER

195 2341 334 2386 Sssc‘rss
357 2355 402 2386 m
429 2342 542 2386 1400
577 2374 586 2384 .
659 2376 1546 2389 ............
1604 2346 1769 2390 79-102

310 2441 501 2484 Zedelijke
522 2442 799 2477 voorschriften
816 2443 884 2477 der
900 2443 1133 2477 Geeselaars.
1151 2462 1194 2469 —
1211 2443 1464 2487 Verbetering
1484 2444 1552 2478 der

266 2503 456 2544 openbare
480 2502 731 2546 zedelijkheid
760 2503 828 2545 (Le
856 2503 1000 2546 Muisit‚
1029 2504 1236 2546 Boendale,
1266 2504 1480 2547 Froissart).
1508 2523 1553 2530 —

269 2565 476 2598 Geestdritt
510 2565 578 2598 der
616 2565 835 2609 bevolking.
877 2583 915 2589 —
953 2564 1115 2598 Grieven
1153 2565 1221 2598 der
1258 2564 1549 2607 geestelijkheid

267 2625 382 2668 tegen
403 2625 450 2659 de
473 2624 706 2660 Geeselaars.
723 2644 766 2651 —
782 2626 832 2668 Zij
859 2626 965 2659 staan
990 2625 1119 2659 buiten
1143 2625 1189 2658 de
1210 2624 1330 2658 Kerk.
1348 2642 1392 2650 —
1407 2625 1552 2667 Sporen

269 2693 339 2718 van
370 2685 522 2728 ketterij
556 2686 595 2719 in
622 2687 668 2720 de
698 2695 922 2720 sermoenen
953 2695 1024 2719 van
1056 2686 1129 2718 den
1161 2684 1376 2718 Luikschen
1403 2686 1554 2727 predik-

270 2744 376 2787 heer,
405 2754 524 2779 eenen
556 2746 706 2780 hunner
736 2748 1003 2786 aanvoerders‚
1020 2747 1057 2780 te
1090 2745 1274 2787 Doornik,
1299 2747 1336 2779 te
1359 2745 1554 2787 Valencijn

270 2813 317 2839 en
345 2805 483 2840 elders.
517 2823 556 2829 -
589 2807 727 2841 Hunne
755 2807 902 2842 nieuwe
933 2806 1158 2850 practijken.
1185 2824 1229 2830 —
1256 2805 1343 2839 Hun
1371 2806 1554 2848 optreden

271 2865 320 2907 hij
347 2865 411 2899 het
434 2866 621 2910 begraven
645 2867 712 2901 der
736 2868 895 2902 dooden.
921 2887 960 2892 —
985 2868 1039 2901 De
1064 2866 1355 2910 goestelijkheid
1381 2867 1484 2900 dut-tt
1507 2867 1553 2901 de
