2008 3166
232 234 297 268 144
437 232 645 267 NIEUWE
680 230 1068 267 VERVOLGINGEN
1109 229 1275 265 TEGEN
1316 229 1380 263 DE
1423 227 1665 264 BEGIJNEN

234 346 414 402 strenge
438 342 701 399 maatregels
723 345 857 399 tegen
880 341 932 384 de
954 340 1165 398 Begijnen
1199 353 1255 383 en
1276 338 1553 396 Beggarden‚
1583 339 1729 382 zooals
1751 337 1881 396 blijkt

234 413 298 456 uit
321 426 427 455 eene
449 411 776 467 aanteekening
797 425 882 454 van
906 409 1165 467 Raynaldus
1184 410 1194 431 ¹
1222 423 1274 464 op
1299 408 1518 451 hetzelfde
1541 407 1635 464 jaar
1656 407 1788 452 1373.

294 481 367 523 Uit
419 480 471 523 de
515 484 640 523 verte
683 480 761 523 der
804 479 1010 522 Duitsche
1055 477 1383 520 binnenlanden
1436 490 1490 519 en
1534 475 1612 518 der
1653 475 1880 518 Fransche

237 555 463 608 gewesten
489 565 638 594 waren
673 552 797 595 aldus
820 553 875 594 de
898 550 1113 606 gevolgen
1140 563 1225 591 van
1258 549 1310 591 de
1333 546 1614 603 versterking
1637 548 1714 590 der
1735 547 1882 603 Inqui-

238 620 337 663 sitie
360 634 413 663 en
436 634 523 663 van
557 621 608 662 de
644 619 959 675 verscherping
1003 619 1080 661 der
1118 617 1499 673 hisschoppelijke‚
1550 616 1794 673 pauselijke
1827 630 1883 659 en

235 688 491 746 keizerlijke
515 689 768 745 wetgeving
801 692 933 743 tegen
966 687 1018 730 de
1053 687 1291 729 verdachte
1332 686 1441 742 vrije
1475 684 1883 741 broederschappen

237 758 303 800 als
338 771 419 800 een
452 758 716 800 aanzettend
761 756 971 799 onweder
1007 769 1115 798 onze
1148 754 1505 810 rechtgeloovige
1538 753 1796 809 Beggarden
1831 767 1882 796 en

239 825 454 882 Begijnen
493 826 536 868 in
569 826 621 868 de
654 825 961 869 Nederlanden
1001 823 1287 879 allengskens
1329 836 1445 865 meer
1484 835 1537 864 θη
1571 835 1690 864 meer
1725 821 1886 864 komen

240 893 493 948 bedreigen.
521 894 665 937 Reeds
686 893 851 936 hoorde
874 906 988 942 men,
1014 893 1080 934 als
1103 892 1180 934 het
1202 905 1340 942 ware,
1377 891 1453 934 het
1477 890 1671 933 naderen
1697 903 1780 932 van
1804 889 1887 932 den

242 961 496 1005 ratelenden
517 962 684 1004 donder
707 962 750 1004 in
774 962 826 1004 de
849 959 1106 1016 geestelijke
1124 959 1336 1015 gebieden
1359 972 1445 1001 van
1469 958 1610 1009 Trier,
1637 958 1810 1001 Keulen
1834 971 1886 1000 en

241 1030 366 1082 Luik‚
409 1034 509 1074 toen
534 1044 587 1086 op
623 1044 727 1073 eens
763 1044 845 1073 aan
880 1029 932 1071 de
955 1029 1172 1071 Broeders
1205 1042 1257 1069 en
1296 1028 1469 1070 Zusters
1508 1040 1615 1069 eene
1639 1027 1812 1070 nieuwe
1835 1040 1889 1069 θη

246 1098 561 1141 onverwachte
585 1099 869 1154 verademing
891 1097 1013 1139 werd
1038 1096 1338 1152 geschonken.

303 1169 414 1211 Deze
438 1168 737 1222 onverhoopte
760 1167 866 1222 hulp
900 1166 1046 1208 kwam
1070 1178 1155 1208 van
1180 1163 1384 1208 niemand
1408 1162 1567 1205 anders
1591 1163 1675 1206 dan
1699 1177 1784 1206 van
1807 1162 1891 1206 den

244 1250 351 1292 paus
374 1237 544 1289 zelven,
561 1236 714 1279 aisdan
733 1249 820 1291 nog
837 1234 1076 1290 Gregorius
1087 1234 1169 1285 XI,
1188 1233 1232 1275 in
1252 1233 1366 1289 zijne
1383 1231 1455 1274 bul
1467 1245 1552 1274 van
1571 1233 1597 1273 7
1610 1232 1734 1287 April
1759 1232 1888 1284 1374,

248 1305 310 1348 uit
334 1305 540 1361 Avignon
560 1304 576 1326 ²
598 1305 772 1361 gericht
813 1307 878 1347 tot
907 1304 958 1346 de
998 1302 1415 1356 aartsbisschoppen
1444 1314 1529 1343 van
1553 1300 1741 1353 Keulen,
1769 1301 1894 1344 Trier

247 1389 300 1417 en
341 1375 483 1417 Mainz
523 1380 610 1418 met
642 1375 790 1418 hunne
830 1373 1127 1428 suffraganen,
1166 1372 1429 1427 mitsgaders
1466 1373 1531 1413 tot
1566 1371 1608 1413 al
1641 1371 1694 1413 de
1732 1371 1895 1414 andere

246 1442 656 1499 aartsbisschoppen
702 1457 755 1485 θη
797 1443 1085 1498 bissohoppen
1128 1455 1214 1483 van
1261 1438 1561 1490 Duitschland,
1603 1438 1798 1483 Brabant
1841 1453 1895 1483 θη

247 1511 528 1554 Vlaanderen
563 1513 656 1567 (per
691 1509 1029 1560 Alamanniam,
1069 1507 1371 1553 Brabantiam
1406 1511 1447 1550 et
1479 1505 1786 1564 Plancinam),
1822 1507 1897 1550 dat

247 1578 323 1621 wil
346 1593 512 1636 zeggen
537 1579 612 1622 dat
635 1579 702 1621 die
724 1578 797 1621 bul
821 1582 864 1621 te
887 1577 1024 1635 gelijk
1046 1590 1155 1620 voor
1187 1577 1229 1619 al
1253 1576 1304 1618 de
1337 1575 1695 1619 Nederlandsche
1726 1588 1898 1631 gewes-

248 1654 326 1693 ten
348 1664 433 1693 van
456 1650 614 1694 kracht
638 1664 747 1695 was,

308 1719 546 1776 Gregorius
571 1719 637 1762 XI
668 1719 801 1775 zegde
825 1733 872 1761 er
895 1719 1080 1773 onlangs
1103 1730 1344 1760 vernornen
1367 1719 1411 1759 te
1434 1714 1621 1767 hebben,
1649 1715 1723 1758 dat
1746 1714 1789 1757 in
1830 1714 1898 1757 die

249 1786 518 1831 bisdommen
543 1801 758 1844 personen
783 1801 866 1830 van
891 1786 1039 1829 beider
1061 1786 1211 1828 kunne
1250 1786 1292 1827 in
1316 1784 1533 1835 armoede,
1561 1782 1819 1826 kuischheid
1843 1795 1898 1825 en

252 1856 651 1915 godvruchtigheid
673 1857 818 1907 leven,
845 1855 941 1898 zich
961 1854 1219 1910 zorgvuldig
1237 1853 1388 1896 buiten
1408 1853 1522 1896 allen
1547 1854 1673 1908 geest
1693 1865 1778 1894 van
1803 1851 1898 1894 ket-

252 1927 350 1984 terij
389 1925 436 1968 of
464 1939 551 1968 van
575 1925 761 1980 opstand
782 1929 915 1980 tegen
939 1924 991 1967 de
1014 1923 1137 1966 Kerk
1163 1922 1409 1966 houdende.
1433 1923 1542 1964 Deze
1560 1933 1770 1977 personae
1789 1932 1901 1976 pau-

249 2007 374 2051 peres
396 1993 566 2037 hebben
591 1993 685 2036 zich
709 1993 957 2048 ootmoedig
980 1995 1046 2035 tot
1069 1992 1150 2034 den
1187 2004 1293 2046 paus
1327 1991 1530 2046 gewend,
1556 1989 1656 2031 hein
1689 1988 1741 2032 de
1763 1988 1901 2031 toela-

252 2064 347 2120 ting
370 2061 593 2119 vragende
618 2075 685 2104 om
709 2060 971 2117 ongestoord
991 2061 1171 2103 hunnen
1190 2058 1561 2116 onberispelijken
1586 2056 1904 2102 levenshandel

255 2285 323 2319 per
339 2276 457 2310 dictas
474 2275 667 2310 dioeceses
684 2275 825 2317 ubique
843 2275 1088 2317 repertorum
1111 2275 1150 2308 et
1173 2273 1488 2316 reperiendorum
1506 2271 1714 2306 secundum
1729 2271 1903 2304 tenorem

257 2331 552 2374 apostolicarum
570 2330 770 2364 literarum
787 2331 950 2372 desuper
967 2330 1241 2363 confectarum.

299 2387 311 2408 1
335 2385 598 2428 Repullulanti
616 2395 765 2427 quoque
787 2386 868 2418 tum
884 2385 923 2417 in
941 2384 1074 2418 Galliis
1091 2384 1333 2417 foedissimae
1350 2382 1501 2416 haeresi
1518 2381 1809 2425 Beguardorum
1826 2380 1906 2414 sive

258 2441 534 2484 Beguinorum,
568 2440 867 2483 Turlupinorum
899 2448 942 2472 ac
974 2439 1239 2473 Lollardorum
1278 2439 1338 2480 (iis
1371 2437 1587 2471 nominibus
1618 2435 1733 2479 vulgo
1764 2436 1907 2469 infame

259 2495 395 2528 horum
424 2495 621 2528 hominum
650 2504 770 2537 genus
794 2494 1096 2536 nuncupabatur)
1123 2493 1259 2526 falcem
1290 2492 1522 2535 apostolicae
1554 2490 1769 2524 severitatis
1792 2491 1907 2532 injec.

260 2553 367 2584 turus
391 2550 613 2592 Gregorius,
631 2551 672 2582 ut
697 2549 899 2582 clementia
922 2549 1092 2591 rigorem
1117 2549 1361 2590 temperaret,
1381 2546 1600 2581 censoribus
1625 2545 1714 2578 fidei
1740 2545 1906 2587 primum

261 2606 388 2647 partes
413 2605 529 2643 dedit,
548 2606 590 2637 ut
609 2613 750 2644 omnes,
769 2613 862 2646 quos
880 2605 1010 2646 sponte
1028 2604 1198 2636 criminis
1223 2603 1449 2645 poeniteret,
1469 2602 1508 2634 in
1533 2601 1697 2644 gratiam
1721 2599 1907 2633 ecclesiae

262 2661 527 2700 admitterent3
554 2660 590 2692 in
616 2659 830 2701 pertinaces
855 2667 945 2692 vero
971 2659 1167 2691 universos
1192 2658 1397 2700 principes,
1416 2657 1568 2689 urbium
1593 2655 1839 2698 magistratus
1864 2662 1907 2686 ac

262 2715 363 2747 viros
392 2714 538 2747 nobiles
571 2714 738 2747 Francos
771 2713 986 2756 Belgasque
1019 2714 1080 2755 pio
1114 2714 1250 2746 ardore
1280 2712 1466 2753 accendit,
1485 2712 1526 2744 ut
1554 2711 1600 2743 ad
1626 2709 1787 2744 delenda
1810 2709 1906 2750 ejus-

261 2770 362 2802 modi
385 2769 585 2811 religionis
610 2769 814 2810 opprobria
839 2768 1005 2800 studium
1030 2769 1206 2809 viresque
1232 2767 1464 2800 conferrent.
1488 2765 1650 2808 (Corpus
1674 2765 1704 2806 Ι,
1733 2763 1801 2796 blz.
1828 2762 1907 2803 228,

265 2830 305 2856 ηΡ
326 2823 411 2866 2193
438 2823 620 2858 Odoricus
644 2823 878 2865 Raynaldus‚
896 2821 1062 2856 Annales
1086 2821 1332 2863 ecclesiastici,
1347 2822 1393 2855 ad
1407 2830 1547 2854 annum
1574 2819 1671 2861 1373,
1697 2817 1781 2852 deel
1805 2817 1906 2860 XVI,

266 2878 336 2911 blz.
355 2877 447 2920 520.)

308 2933 321 2958 2
348 2932 487 2977 Corpus
503 2933 533 2975 I,
552 2932 622 2965 blz.
642 2931 806 2975 228-2313
825 2931 1025 2973 Mosheim‚
1045 2932 1113 2965 blz.
1133 2931 1292 2965 394-398.
