2008 3166
188 197 251 233 106
556 195 621 233 DE
659 195 810 233 SECTE
849 197 951 235 DER
990 197 1214 235 DANSERS
1255 198 1311 236 IN
1359 199 1441 236 1374

186 313 230 355 te
253 309 409 354 waden
431 323 486 353 en
509 309 685 353 daarom
715 323 792 353 zoo
814 311 929 367 hoog
963 323 1238 368 opsprongen
1256 314 1294 362 4;
1330 310 1383 368 zij
1408 309 1581 355 konden
1615 311 1818 358 niemand

186 383 280 426 zien
303 393 501 431 weenen,
523 379 575 436 zij
596 378 755 423 wilden
778 393 915 436 geene
933 380 1063 423 roode
1085 380 1320 423 kleederen
1343 381 1456 424 noeh
1473 382 1653 438 puntige
1671 383 1820 428 schoe-

187 464 272 494 nen
295 450 470 500 dulden,
497 448 652 491 zoodat
689 450 732 491 te
764 449 872 492 Luik
895 463 979 492 aan
1013 449 1064 492 de
1089 449 1429 494 sehoenmakers
1461 450 1647 508 tinelijk
1680 454 1821 496 moest

184 520 403 566 verboden
425 517 604 561 worden
626 517 753 560 zulke
771 518 950 575 puntige
970 518 1189 561 schoenen
1211 521 1255 562 te
1280 517 1436 562 maken
1456 518 1488 562 ².
1510 518 1623 562 Over
1645 519 1696 563 de
1714 520 1821 564 han-

185 591 389 647 delingen
413 587 489 630 der
510 588 700 630 Dansers
723 587 768 629 in
791 587 895 630 deze
932 588 1091 631 laatste
1135 587 1231 631 stad
1255 587 1292 630 is
1324 588 1376 631 de
1408 587 1585 645 kronijk
1617 602 1704 632 van
1736 589 1820 632 den

185 657 494 716 Tongersehen
532 655 674 698 deken
715 656 865 699 vooral
903 656 1120 713 uitvoerig
1159 669 1213 698 en
1253 656 1619 712 sehilderaehtig;
1656 656 1738 700 ook
1769 658 1821 700 de

186 728 375 775 Oronica
395 725 689 783 episcoporum
710 723 1016 770 Leodiensium
1039 725 1156 782 geeft
1188 724 1462 782 belangrijke
1486 739 1539 769 en
1562 727 1694 782 stipte
1716 739 1821 770 aan-

184 798 433 853 vullingen.

244 868 302 909 Te
339 864 449 908 Luik
487 875 640 906 waren
678 862 729 905 de
751 863 940 905 Dansers
978 863 1221 906 omstreeks
1259 862 1626 919 half-September
1661 877 1821 921 aange-

182 936 340 978 komen
368 931 402 977 ³.
439 932 499 989 Zij
536 931 716 974 werden
751 945 799 974 er
830 931 997 974 weldra
1030 945 1105 974 zoo
1134 931 1302 988 talrijk,
1327 931 1401 975 dat
1435 932 1487 989 zij
1511 946 1590 975 een
1613 931 1822 988 dreigend

183 1017 348 1061 gevaar
379 1001 558 1044 werden
591 1014 699 1043 voor
729 999 804 1044 het
832 999 981 1056 geloof
1007 1014 1062 1042 en
1095 1000 1146 1043 de
1180 999 1528 1057 geestelijkheid,
1565 1000 1670 1043 daar
1691 1000 1744 1057 zij
1770 1000 1822 1043 de

183 1077 489 1120 saeramenten
531 1072 808 1124 veraehtten,
854 1071 1107 1115 kettersehe
1149 1072 1352 1129 dolingen
1396 1073 1661 1129 aanhingen,
1687 1073 1731 1116 in
1769 1073 1822 1117 de

182 1148 350 1191 kerken
374 1146 425 1189 de
447 1144 694 1202 goddelijke
718 1144 916 1188 diensten
939 1144 1241 1197 verstoorden,
1278 1158 1332 1187 en
1355 1147 1445 1187 met
1468 1146 1580 1189 niets
1612 1145 1696 1188 dan
1718 1145 1823 1190 haat

176 1217 335 1274 jegens
370 1215 421 1258 de
452 1213 664 1271 priesters
688 1212 852 1256 bezield
873 1227 1023 1256 waren
1042 1210 1074 1256 ⁴.
1101 1213 1163 1269 Op
1195 1214 1224 1256 ’t
1247 1213 1371 1256 einde
1405 1214 1482 1256 der
1504 1214 1664 1257 maand
1695 1214 1822 1258 0610-

181 1286 275 1338 ber,
317 1282 561 1328 omstreeks
593 1281 925 1338 Allerheiligen,
961 1295 1112 1325 waren
1135 1296 1183 1324 er
1205 1284 1248 1325 te
1271 1283 1452 1326 Herstal
1481 1282 1535 1340 bij
1572 1284 1682 1327 Luik
1715 1297 1822 1327 eene

183 1356 337 1412 groote
359 1353 550 1409 menigte
584 1364 772 1394 mannen
796 1364 848 1393 en
872 1364 1081 1394 vrouwen
1106 1351 1182 1394 der
1206 1354 1323 1394 seete
1344 1352 1603 1408 vergaderd‚
1641 1366 1693 1395 en
1717 1352 1823 1396 daar

185 1423 417 1467 smeedden
440 1422 492 1479 zij
519 1434 625 1464 eene
648 1420 993 1476 samenzwering
1011 1433 1078 1463 om
1095 1421 1205 1463 Luik
1224 1434 1276 1476 op
1297 1421 1379 1463 den
1403 1421 1607 1477 hoogdag
1625 1419 1639 1442 ⁵
1659 1425 1702 1464 te
1725 1435 1820 1464 ver·
1883 1425 1886 1428 '

186 1507 357 1545 rassen‚
384 1506 432 1535 er
464 1491 516 1534 de
548 1491 764 1548 prelaten,
790 1488 1093 1541 kanunniken,
1131 1489 1538 1545 paroehiepastoors
1562 1504 1616 1532 en
1639 1490 1821 1534 verdere

182 1562 369 1606 klerken
390 1561 454 1605 uit
476 1564 520 1603 te
542 1558 746 1603 moorden
778 1572 831 1601 en
864 1572 916 1615 op
950 1558 1001 1601 de
1024 1558 1279 1615 geestelijke
1312 1559 1530 1614 goederen
1563 1558 1615 1602 de
1638 1559 1757 1602 hand
1778 1562 1823 1603 te

186 1633 342 1689 leggen
363 1632 394 1674 ⁰.
415 1630 539 1673 Maar
555 1628 644 1672 God
664 1627 899 1685 verijdelde
915 1627 1006 1671 hun
1024 1627 1250 1671 duivelseh
1267 1628 1370 1683 plan
1386 1641 1395 1679 ;
1424 1627 1476 1670 de
1494 1627 1822 1671 welmeenende

184 1701 368 1758 burgers
404 1698 617 1743 braehten
654 1698 742 1740 hen
779 1695 886 1740 voor
922 1697 973 1740 de
996 1697 1221 1753 priesters‚
1259 1696 1327 1739 die
1354 1709 1402 1739 er
1435 1696 1479 1739 in
1502 1697 1713 1753 gelukten
1737 1698 1820 1741 den

224 1895 237 1917 1
261 1888 457 1928 Dicebant,
491 1888 590 1930 quod
606 1888 803 1922 videbatur
827 1887 894 1931 eis,
911 1887 1011 1930 quod
1033 1888 1073 1921 in
1099 1887 1194 1921 hora
1217 1887 1329 1931 huJus
1354 1885 1622 1920 chorizationis
1647 1885 1756 1920 erant
1778 1884 1821 1920 in

182 1945 294 1978 fluvio
311 1943 508 1986 sanguinis
525 1943 563 1976 et
579 1943 783 1986 propterea
799 1942 852 1975 sie
868 1943 907 1975 in
925 1942 1041 1976 altum
1059 1942 1260 1976 saltabant.
1281 1941 1406 1985 (Ibid.)

224 1999 238 2022 2
264 1998 412 2042 Spernit
439 1998 568 2032 videre
596 1999 714 2032 rubea
742 1999 779 2031 et
804 2007 1005 2040 personam
1033 1998 1201 2032 flentem.
1229 1997 1287 2039 (P.
1313 2006 1384 2030 van
1412 1995 1674 2038 Herenthals.)
1698 2014 1741 2021 —
1766 1997 1822 2030 De

183 2056 303 2090 latere
328 2053 665 2096 kronijksehrijVer
690 2052 860 2087 Cornelis
885 2053 1060 2086 Zantfiiet
1084 2053 1121 2095 (†
1145 2063 1176 2086 6.
1203 2052 1302 2094 1462)
1326 2051 1421 2085 116111.
1444 2052 1498 2085 dit
1520 2053 1582 2085 toe
1607 2051 1662 2085 als
1686 2051 1822 2096 volgt:

185 2119 202 2137 ιι
223 2111 272 2144 Η1
289 2109 515 2153 praesertim
539 2118 672 2142 exosos
696 2108 886 2142 habebant
904 2118 979 2150 eos,
998 2108 1062 2150 qui
1079 2109 1201 2141 vestes
1225 2108 1361 2141 rubeas
1385 2107 1606 2141 deferebant
1622 2108 1661 2140 et
1676 2106 1820 2142 calceos

187 2166 385 2207 rostratOS,
412 2164 451 2198 in
475 2164 621 2198 tantum
643 2164 686 2197 ut
709 2164 824 2197 etiam
846 2163 1029 2206 prohibiti
1055 2163 1130 2196 sint
1154 2164 1301 2197 sutores
1325 2162 1542 2195 huiusmodi
1566 2162 1712 2197 calceos
1735 2172 1821 2196 eum

184 2222 318 2256 rostris
336 2220 469 2254 amodo
488 2220 613 2253 faeere
632 2219 670 2252 in
688 2219 852 2253 civitate.
871 2234 887 2249 „
901 2217 1134 2261 (Chronicmz,
1153 2219 1201 2260 bij
1223 2218 1393 2252 Martene
1411 2226 1458 2251 en
1476 2218 1643 2261 Durand,
1660 2217 1820 2262 Amplis-

183 2279 279 2312 sima
296 2275 469 2314 collectio,
488 2275 572 2310 deel
590 2275 633 2315 V,
651 2273 721 2308 blz.
739 2274 802 2307 301
816 2285 825 2317 3
846 2273 984 2318 Corpus
1000 2274 1031 2316 Ι,
1050 2273 1119 2307 blz.
1137 2272 1230 2316 236.)

227 2331 240 2355 3
265 2332 433 2365 Tandem
468 2330 568 2364 eirea
598 2339 767 2364 mensem
803 2330 1063 2372 Septembrem
1100 2329 1282 2363 Leodium
1320 2328 1450 2373 [seeta]
1484 2328 1648 2362 advenit.
1679 2329 1739 2371 (R.
1774 2328 1821 2362 de

183 2386 310 2429 Rivo.)
325 2404 369 2410 —
386 2386 495 2420 Circa
509 2385 649 2419 festum
672 2384 912 2418 exaltationis
937 2390 1065 2418 sancte
1089 2385 1211 2418 erucis
1227 2384 1283 2426 (14
1300 2384 1418 2427 Sept.)
1435 2384 1621 2418 venerunt
1636 2384 1682 2417 ad
1700 2384 1821 2418 Sane-

185 2444 266 2476 tum
290 2442 531 2475 Leonardum
553 2449 672 2483 prope
697 2441 893 2482 Leodium,
924 2440 1012 2474 inde
1037 2441 1237 2483 Leodium3
1262 2441 1301 2474 et
1325 2440 1493 2482 quotidie
1517 2439 1820 2482 multiplicaban-

183 2500 258 2540 tur,
278 2498 376 2531 unde
394 2496 504 2530 multi
521 2496 777 2530 terrebantur.
797 2495 998 2539 (Crom'ca.)

232 2555 240 2576 ί
264 2554 320 2585 Ad
349 2552 438 2585 fidei
467 2552 658 2584 contraria
686 2552 802 2594 erigit
829 2551 898 2584 hec·
924 2560 1016 2593 gens
1041 2552 1246 2585 mentem...
1272 2551 1285 2593 l
1310 2551 1460 2584 Clerum
1484 2551 1599 2584 habet
1622 2550 1721 2590 odio,
1747 2559 1821 2583 non

185 2610 292 2641 curat
316 2608 564 2641 sacramenta.
584 2607 644 2648 (P.
662 2616 732 2639 van
750 2606 1007 2650 Herenthals.)
1023 2626 1065 2632 —
1081 2607 1313 2649 Ubicumque
1338 2607 1523 2648 siquidem
1549 2606 1606 2638 illi
1632 2606 1821 2638 subintra-

186 2664 287 2702 bant,
307 2662 486 2696 eeelesias
511 2662 548 2695 et
572 2662 649 2694 suis
674 2662 874 2694 inconditis
900 2661 1127 2695 elamoribus
1153 2663 1318 2696 offirium
1343 2663 1511 2695 divinum
1535 2662 1818 2704 perturbabant.

187 2718 402 2760 (Zantfliet.)

230 2779 243 2798 ι’»
268 2773 309 2805 111
328 2773 388 2806 die
406 2773 573 2805 omnium
591 2772 830 2805 Sanctorum.
848 2772 948 2811 (Joh.
969 2782 990 2805 a
1008 2774 1161 2815 Leydis3
1185 2772 1324 2816 Corpus
1341 2773 1391 2815 II,
1411 2772 1479 2805 blz.
1500 2772 1589 2814 144).

230 2835 243 2853 ·=
268 2827 525 2860 Coneiliabulo
552 2827 694 2867 habito,
720 2827 985 2861 concluserant
1012 2829 1194 2861 Leodium
1223 2829 1368 2870 pariter
1395 2829 1546 2871 ingredi
1574 2828 1612 2861 et
1639 2826 1819 2869 prelatos,

188 2882 400 2922 canonicos,
420 2883 605 2924 parochos
630 2883 826 2924 totumque
843 2883 987 2916 elerum
1012 2884 1204 2916 trucidare
1223 2884 1283 2926 (R.
1303 2884 1347 2917 de
1365 2884 1489 2924 Rivo.)
1508 2902 1546 2908 -
1565 2883 1820 2925 Proposuerat

186 2936 322 2979 vulgus
346 2937 546 2981 insurgere
566 2939 604 2972 in
622 2937 765 2972 elerum
789 2948 854 2973 eos
878 2939 1081 2972 occidendo
1107 2940 1144 2973 et
1162 2940 1258 2974 bona
1283 2947 1412 2973 eorum
1430 2938 1653 2982 diripiendo.
1673 2937 1734 2980 (P.
1750 2946 1819 2971 van

188 2991 444 3037 Herenthals.)
