1976 3134
462 201 527 236 DE
564 199 716 237 SECTE
755 197 858 233 DER
896 199 1122 237 DANSERS
1161 200 1215 237 IN
1256 200 1342 237 1374
1656 202 1721 240 105

87 311 312 367 schriften,
349 312 418 356 die
450 311 602 356 alsdan
636 310 859 368 algemeen
895 325 986 356 was
1006 312 1042 367 ¹;
1077 326 1199 357 maar
1234 313 1311 358 het
1351 313 1454 357 volk
1487 313 1640 358 schoof
1669 313 1724 358 de

88 383 243 427 schuld
263 396 349 426 van
370 382 477 426 alles
509 395 561 438 op
600 381 653 425 de
684 380 910 437 priesters,
948 382 1015 424 die
1051 382 1094 424 in
1119 383 1302 427 ontucht
1335 382 1503 426 leefden
1539 397 1594 426 en
1636 383 1720 435 die,

87 451 314 496 beweerde
357 465 472 503 men,
529 463 608 493 een
656 449 860 507 ongeldig
913 450 1088 507 doopsel
1135 464 1218 494 aan
1272 452 1323 495 de
1373 452 1584 496 kinderen
1632 457 1723 497 toe-

88 522 274 567 dienden
294 518 326 563 ².

147 591 407 638 Gedurende
440 591 492 635 de
514 591 727 634 maanden
743 591 998 648 September
1031 607 1085 637 en
1109 592 1295 638 October
1320 594 1432 638 1374
1458 593 1635 650 groeide
1656 593 1724 637 die

87 663 341 708 kettersche
361 663 478 704 secte
495 664 561 704 tot
578 660 673 704 veel
692 661 930 706 duizenden
951 661 1076 707 aan3.
1098 662 1235 705 Elken
1254 662 1338 719 dag
1356 662 1586 721 (quotidie)
1604 664 1724 707 kwa-

87 747 188 776 men
209 731 382 774 nieuwe
402 728 575 773 benden
597 732 788 774 Dansers
812 731 875 774 uit
899 731 1183 775 Duitschland
1204 734 1250 776 te
1271 731 1397 775 Aken
1419 745 1502 774 6611
1527 746 1579 776 611
1603 732 1726 776 trok-

87 801 174 845 ken
208 813 293 843 van
327 798 433 842 daar
464 812 573 841 naar
595 799 859 843 Maastricht
875 798 908 852 ⁴,
934 814 1044 844 naar
1075 802 1321 854 Tongeren,
1362 814 1471 844 naar
1494 799 1723 854 Herstal⁵‚

87 881 197 914 naar
216 868 326 912 Luik
350 881 404 911 en
427 880 537 910 naar
569 866 622 910 de
651 868 921 924 aanpalende
944 873 1171 926 gewesten
1190 870 1220 921 ὓ,
1248 873 1314 913 tot
1346 869 1391 912 in
1414 870 1725 927 Henegouwen

88 952 142 982 en
163 935 402 993 FrankriJk
420 939 450 979 ⁷.
477 935 635 979 Overal
659 937 855 993 sleepten
885 939 937 996 zij
973 939 1025 981 de
1056 938 1291 994 bevolking
1313 938 1355 980 in
1387 937 1538 981 hunne
1575 938 1726 982 woede

88 1006 227 1059 mede,
252 1004 406 1048 zoodat
428 1005 571 1057 velen,
598 1004 828 1049 volkomen
861 1006 1028 1063 gezond
1061 1021 1147 1050 van
1180 1005 1326 1059 hoofd,
1363 1007 1599 1064 plotseling
1621 1008 1728 1051 door

89 1075 173 1119 den
195 1074 343 1118 duivel
365 1073 544 1117 werden
570 1072 750 1118 bezeten
773 1089 827 1118 en
861 1076 912 1119 de
935 1076 1052 1119 hand
1074 1076 1152 1119 der
1173 1076 1363 1120 Dansers
1385 1089 1635 1132 aangrepen
1659 1090 1727 1120 om

88 1147 178 1189 met
199 1145 286 1187 hen
318 1143 429 1187 rond
466 1146 510 1187 te
533 1143 740 1200 springen
759 1142 790 1188 ⁸.
831 1145 1074 1188 Zwervend
1106 1146 1248 1201 liepen
1269 1145 1322 1203 zij
1357 1144 1433 1189 het
1452 1145 1557 1189 land
1596 1145 1723 1192 rond,

88 1213 222 1258 breed
257 1213 441 1257 levende
472 1225 558 1255 van
596 1211 648 1256 de
685 1212 923 1270 opbrengst
960 1215 1139 1258 hunner
1174 1213 1382 1272 bedelarij
1424 1228 1477 1257 en
1516 1214 1549 1256 ’s
1572 1215 1726 1258 nachts

88 1282 358 1341 onzedelijke
394 1281 692 1339 kastijdingen
730 1283 992 1339 plegendess.
1034 1285 1094 1342 Zij
1136 1283 1396 1327 beweerden
1438 1283 1640 1328 Christus
1680 1287 1726 1328 te

89 1352 414 1398 aanschouwen
437 1354 527 1396 met
559 1352 643 1396 den
675 1352 819 1396 hemel
851 1351 959 1396 νὸὁι·
990 1354 1077 1396 11611
1110 1354 1218 1410 wijd
1241 1367 1350 1410 open
1386 1352 1569 1396 staande
1590 1356 1642 1405 10;
1671 1353 1722 1411 zij

87 1422 251 1480 zegden
273 1421 374 1476 ook,
399 1421 474 1466 dat
495 1422 550 1480 zij
575 1421 711 1465 onder
731 1423 761 1466 ’t
784 1422 951 1466 dansen
970 1422 1180 1466 meenden
1203 1421 1309 1466 door
1332 1435 1468 1466 eenen
1486 1423 1579 1479 plas
1601 1421 1727 1465 bloed

132 1709 144 1732 ι
169 1703 328 1738 Causam
343 1703 558 1737 huiusmodi
576 1704 699 1738 sectae
719 1703 928 1738 diabolicae
944 1714 1017 1738 non
1035 1704 1148 1738 aliam
1166 1706 1236 1738 viri
1260 1706 1464 1748 prudentes
1481 1706 1722 1750 assignabant

89 1768 241 1793 causam
255 1768 367 1801 quam
387 1759 475 1793 fidei
491 1760 529 1792 et
544 1761 834 1802 praeceptorum
851 1760 934 1802 Dei,
953 1769 1048 1802 quae
1065 1769 1134 1802 per
1154 1760 1193 1793 id
1210 1762 1357 1804 tempus
1373 1763 1596 1805 regnabant,
1615 1771 1722 1795 cras-

89 1824 169 1849 sam
184 1815 440 1858 ignorantiam
457 1815 518 1858 (R.
537 1815 583 1848 de
598 1815 726 1857 Rivo.)

131 1869 146 1892 ²
167 1869 314 1913 Vulgus
333 1871 460 1904 autem
477 1870 639 1912 dicebat,
657 1871 755 1911 quod
780 1870 995 1904 huiusmodi
1020 1871 1132 1914 plaga
1155 1871 1294 1914 populo
1321 1872 1542 1916 contigisset
1559 1881 1604 1906 eo
1622 1874 1721 1915 quod

89 1924 251 1968 populus
266 1925 366 1959 male
382 1926 590 1968 baptizatus
614 1928 697 1959 erat
720 1927 883 1960 maxime
907 1935 929 1960 a
950 1927 1184 1969 presbyteris
1207 1936 1293 1960 suas
1310 1929 1526 1961 tenentibus
1548 1928 1722 1961 concubi—

90 1989 169 2014 nas.
195 1981 251 2022 (P.
277 1990 348 2016 van
372 1981 627 2023 Herenthals.)
650 2000 691 2005 —-
716 1982 801 2015 Non
825 1983 981 2015 deerant
1007 1984 1134 2016 tamen
1158 1992 1178 2015 e
1202 1983 1330 2026 vulg0‚
1355 1984 1419 2025 qui
1443 1983 1482 2017 in
1506 1984 1720 2017 sacerdotes

91 2035 379 2069 concubinarios
395 2036 545 2079 culpam
562 2037 780 2078 rejicerent,
798 2037 897 2079 quod
920 2046 989 2079 per
1013 2046 1077 2070 eos
1100 2038 1225 2070 minus
1240 2038 1344 2071 recte
1360 2039 1468 2080 pueri
1487 2039 1722 2080 baptizaren-

90 2092 164 2124 tur.
184 2091 246 2132 (R.
264 2090 311 2125 de
326 2091 455 2131 Rivo.)

132 2147 148 2170 3
171 2146 275 2180 Η666
291 2147 395 2180 secta
419 2155 441 2180 a
462 2155 591 2181 mense
608 2147 820 2189 Septembri
844 2148 882 2180 in
908 2147 1109 2181 Octobrem
1125 2148 1291 2190 (mirum,
1308 2157 1439 2181 verum
1463 2149 1588 2182 tamen
1606 2150 1723 2190 dictu)

89 2201 129 2235 in
145 2201 351 2235 multorum
368 2202 531 2235 millium
547 2202 829 2236 multitudinem
846 2203 1023 2236 excrevit.
1042 2203 1101 2245 (R.
1121 2203 1166 2236 de
1182 2203 1305 2244 Rivo).

132 2257 146 2280 ⁴¹
170 2257 279 2290 Unde
309 2257 453 2299 (Aquis)
487 2259 672 2291 venerunt
706 2259 924 2300 Trajectum
960 2260 1260 2300 receperuntque
1294 2258 1423 2301 plures
1459 2259 1721 2302 Trajcctenses

90 2311 346 2356 egritudinem
369 2312 486 2346 illam.
505 2312 702 2355 (Cronica.)

132 2370 147 2392 ⁵
169 2368 308 2403 Postea
338 2369 524 2402 venerunt
553 2368 800 2402 Harstallium
833 2369 879 2402 ad
914 2369 1112 2402 ecclesiam
1147 2369 1257 2402 beate
1290 2369 1410 2402 Marie
1442 2369 1624 2412 Virginis,
1658 2370 1721 2402 ubi

90 2425 217 2467 alique
242 2425 399 2458 fuerunt
425 2424 546 2457 sanati
574 2425 612 2457 et
638 2423 876 2464 reliquerunt
902 2424 955 2457 ibi
984 2424 1118 2457 tuellas
1147 2433 1245 2466 suas,
1271 2425 1371 2458 unde
1395 2424 1657 2467 cingebantur,
1683 2425 1722 2457 in

91 2481 244 2524 signum
259 2480 466 2513 curationis
484 2489 549 2513 sue
566 2480 612 2512 ad
627 2479 811 2513 honorem
829 2481 987 2513 Domine
1004 2481 1145 2513 nostre.
1165 2479 1364 2521 (Cronica.)

133 2538 148 2561 6
172 2535 318 2577 Leodij,
337 2534 503 2576 TraJ'ecti
521 2535 560 2568 et
576 2534 740 2578 Tongris
757 2536 795 2568 et
811 2535 945 2567 vicinis
963 2535 1000 2567 in
1019 2535 1200 2576 partibus.
1220 2534 1279 2577 (R.
1300 2534 1345 2568 dc
1363 2534 1490 2574 Rivo.)

133 2597 148 2619 7
172 2591 300 2632 Usque
318 2590 530 2623 Hanoniam
546 2598 611 2623 seu
630 2590 838 2623 Franciam.
858 2590 916 2631 (Ρ.
934 2599 1005 2623 van
1022 2589 1279 2631 Herenthals.)

134 2653 149 2675 8
171 2645 334 2680 Plurimi
358 2645 439 2678 sani
463 2645 674 2686 mentisque
698 2646 890 2687 compotes
914 2644 1103 2686 extemplo
1128 2654 1149 2678 a
1166 2645 1412 2678 daemonibus
1428 2644 1720 2686 arripiebantur,

93 2701 178 2744 alijs
194 2700 472 2734 chorisantibus
489 2700 586 2733 datis
603 2700 747 2733 dextris
764 2709 802 2733 se
819 2700 1082 2742 adiungenteS.
1101 2700 1160 2737 (R.
1180 2700 1226 2732 de
1243 2700 1370 2740 Rivo.)

135 2759 151 2782 9
171 2756 342 2799 Vagatur
366 2755 449 2788 loca
464 2755 569 2788 varia
591 2764 770 2798 pompose
786 2755 958 2796 vivendo,
974 2755 986 2797 l
1003 2755 1193 2788 Mendieat
1217 2756 1430 2787 necessaria
1452 2754 1617 2796 propriis
1633 2763 1722 2796 par-

94 2811 253 2844 cend0...
272 2810 286 2853 l
302 2810 433 2844 Noctis
450 2811 517 2843 sub
536 2810 754 2843 umbraculo
772 2811 844 2844 ista
860 2811 1105 2853 perpetravit,
1119 2810 1132 2852 β
1149 2810 1242 2843 Cum
1258 2808 1423 2843 naturali
1442 2809 1574 2842 baculo
1591 2809 1721 2842 subtus

94 2875 134 2900 se
151 2861 320 2900 calcavit.
339 2866 396 2906 (P.
414 2875 485 2898 van
503 2865 760 2905 Herenthals.)

137 2921 165 2944 ²0
188 2920 316 2956 Cernit
333 2919 474 2955 Mariae
490 2920 610 2955 filium
627 2922 666 2955 et
681 2920 828 2956 coelum
844 2922 1028 2964 apertum.
1048 2920 1174 2963 (Ibid.)
