2008 3278
113 304 154 343 10
479 305 544 340 DE
578 304 974 341 GODSDIENSTIGE
1010 305 1376 342 BEROERINGEN

111 442 171 450 —
201 435 218 458 α
241 419 349 462 Dese
385 417 524 461 lieden
557 417 665 461 seldi
696 431 874 462 scuwen
908 418 1018 462 ende
1050 417 1167 461 vlien
1200 419 1289 461 alse
1324 430 1446 460 uwer
1469 417 1605 460 sielen
1639 417 1740 460 doot

111 487 280 538 viande,
318 488 399 530 hoe
422 486 583 529 heilich
616 487 652 530 si
675 488 824 530 scinen
857 488 900 530 in
933 487 1091 540 wisen,
1131 486 1335 530 woerden
1368 486 1478 530 ende
1513 487 1557 530 in
1590 485 1740 530 habite

111 557 199 601 oste
222 558 416 614 ghelate;
446 561 566 602 want
587 558 624 601 si
641 559 723 615 sijn
747 559 821 601 des
845 559 997 602 duvels
1020 559 1161 602 boden
1183 575 1200 598 »
1216 593 1226 603 .

170 627 270 670 Men
289 627 354 670 zal
379 640 456 670 ons
480 627 546 669 die
571 627 697 670 reeks
720 628 1015 684 aanhalingen
1038 629 1101 672 uit
1127 626 1381 671 Ruusbroec
1399 627 1483 669 wel
1506 640 1741 683 vergeven,

110 696 251 751 hopen
275 695 364 752 wij,
393 696 498 738 daar
519 696 571 752 zij
609 709 688 738 ons
711 696 767 738 de.
786 702 1093 740 voornaamste
1115 695 1471 740 Nederlandsche
1505 695 1743 752 ketterijen

108 764 185 807 der
208 765 297 806 14⁶0
315 778 437 807 eeuw
455 765 498 807 in
517 765 666 807 hunno
686 764 998 809 beduidendste
1016 765 1361 821 schakeeringen
1381 777 1457 807 zoo
1468 765 1577 821 goed
1596 765 1742 808 leeren

108 833 300 876 kennen.

169 903 278 945 Wat
317 901 368 944 de
405 902 528 945 Kerk
572 903 722 946 vooral
753 905 1072 956 verontrustte,
1105 917 1212 954 was,
1252 902 1324 946 dat
1358 902 1482 945 velen
1515 901 1607 944 dier
1639 903 1743 960 vrij-

109 973 286 1026 geesten
325 971 470 1013 buiten
504 971 610 1014 hare
642 972 951 1028 toestemming
982 971 1028 1014 of
1052 971 1353 1027 goedkeuring
1385 971 1477 1013 zieh
1503 970 1742 1013 schaarden

108 1038 151 1080 in
178 1039 283 1095 vrije
308 1038 713 1096 broederschappen
733 1054 815 1083 van
839 1040 987 1084 beider
1011 1041 1175 1090 kunne,
1197 1041 1264 1083 die
1288 1054 1369 1083 aan
1389 1040 1496 1082 haar·
1513 1040 1744 1096 geestelijk

107 1120 243 1162 gezag
276 1112 541 1164 ontsnapten
581 1123 633 1151 en
677 1108 984 1164 brandpunten
1020 1123 1103 1151 van
1144 1109 1380 1152 verdachte
1421 1110 1647 1166 leeringen
1690 1124 1744 1152 en

106 1176 396 1232 predikingen
433 1177 627 1220 werden.
667 1179 813 1234 Tegen
848 1179 933 1222 hen
972 1179 1250 1222 aanvaardde
1288 1179 1371 1221 dan
1411 1179 1492 1221 ook
1536 1178 1588 1221 de
1621 1179 1742 1222 Kerk

107 1259 243 1288 eenen
267 1246 556 1302 langdurigen
583 1246 728 1304 strijd,
753 1247 820 1290 die
842 1251 906 1290 tot
928 1262 1011 1290 aan
1031 1248 1082 1289 de
1100 1247 1527 1291 zestiendeeuwsche
1553 1249 1745 1291 Hervor-

108 1314 227 1369 ming
249 1315 370 1358 heeft
387 1316 710 1372 voortgeduurd
733 1330 785 1359 en
810 1317 979 1359 waarin
1002 1317 1055 1360 de
1071 1317 1298 1373 Inquisitie
1321 1317 1743 1376 natuurlijkerwijze

109 1395 215 1425 eene
239 1382 509 1442 belangrijke
528 1386 594 1429 rol
617 1385 738 1429 heeft
759 1385 982 1443 gespeeld.
