2008 3166
185 226 247 261 128
645 224 890 260 BROEDER
929 224 1377 259 BARTHOLOMAEUS

187 350 240 392 op
273 348 379 380 over
401 335 454 379 de
476 335 735 392 penitentie,
761 335 813 378 de
835 333 1159 378 volmaaktheid
1185 333 1261 377 der
1283 334 1382 386 ziel,
1407 348 1525 386 enz.,
1551 347 1604 377 en
1626 334 1760 379 drukt
1783 348 1832 378 er

187 405 334 449 vooral
358 420 427 463 op,
453 407 529 450 dat
551 406 738 449 broeder
750 406 1115 449 Bartholomaeus
1139 405 1232 448 zich
1256 405 1458 461 populair
1480 405 1627 449 maakt
1649 406 1756 449 door
1777 405 1831 449 de

186 474 431 531 herbergen
455 478 499 519 te
530 475 770 527 bezoeken‚
809 476 860 517 de
883 479 1067 530 grooten
1093 478 1134 517 te
1160 475 1300 517 vleien
1323 488 1377 516 en
1411 478 1498 518 met
1522 474 1724 517 iedereen
1746 474 1832 518 alle

184 544 438 599 strengheid
463 544 512 587 af
544 548 588 586 te
621 545 780 600 leggen
799 545 828 588 ¹.
872 545 940 588 Nu
979 544 1045 586 zal
1084 544 1187 586 deze
1226 542 1337 586 wolf
1369 557 1478 585 naar
1517 543 1679 585 Zwolle
1718 556 1832 599 gaan

187 612 414 668 prediken.
435 613 569 656 Geert
591 613 753 656 Groote
777 613 1005 655 herinnert
1027 627 1110 655 aan
1135 612 1326 663 Reinier,
1349 612 1422 654 dat
1440 611 1500 667 hij
1526 611 1602 654 het
1620 611 1832 667 prediken

185 682 250 723 als
283 684 462 737 pastoor
493 696 575 725 aan
617 695 755 724 eenen
792 682 1073 725 terminarius
1098 681 1332 723 verbieden
1365 680 1452 723 kan
1481 679 1511 732 ²3
1539 681 1629 723 laat
1662 680 1720 737 hij
1754 680 1832 724 het

187 749 337 792 echter
360 753 448 803 toe,
474 751 559 793 dan
585 754 697 793 moet
720 749 778 806 hij
805 750 962 806 scherp
981 750 1165 793 toezien.
1194 751 1243 792 In
1269 749 1342 793 dat
1365 750 1525 793 laatste
1548 749 1692 805 geval,
1716 748 1834 792 biedt

187 818 323 862 Geert
344 818 509 863 Groote
531 820 614 862 den
639 821 817 875 pastoor
838 832 923 862 van
949 819 1111 862 Zwolle
1133 832 1233 869 aan,
1260 819 1303 860 in
1326 817 1356 860 ’t
1380 818 1552 874 geheim
1587 831 1695 861 naar
1718 817 1834 873 ziJ'ne

185 887 284 930 stad
306 901 411 930 over
433 891 477 931 te
501 890 661 932 Romen
686 902 755 930 om
777 887 830 930 de
848 901 1107 931 sermoenen
1141 901 1228 930 van
1253 887 1447 929 Broeder
1470 887 1834 930 Bartholomaeus

185 959 230 1000 te
263 955 513 1012 bespieden,
549 957 663 1014 zijne
694 956 933 1013 ketterijen
968 957 1031 999 uit
1064 956 1209 1012 zijnen
1244 956 1374 998 mond
1408 969 1461 1010 op
1485 958 1530 998 te
1568 968 1741 1010 vangen
1779 969 1833 998 en

188 1025 293 1067 door
325 1038 461 1068 eenen
486 1025 651 1069 notaris
684 1027 729 1068 te
751 1025 871 1068 laten
908 1024 1198 1080 opteekenen.
1240 1024 1376 1067 Alzoo
1399 1037 1479 1066 zou
1519 1037 1618 1066 men
1655 1023 1756 1065 hem
1780 1036 1833 1079 op

187 1093 342 1137 heeter
377 1094 487 1137 daad
509 1093 751 1150 betrappen
775 1108 829 1136 en
868 1093 968 1136 hem
992 1093 1151 1136 verder
1174 1093 1251 1137 het
1274 1093 1486 1149 prediken
1519 1092 1700 1135 kunnen
1737 1095 1834 1136 ont-

188 1176 353 1218 zeggen
373 1160 406 1206 ³.
445 1162 502 1205 Of
518 1163 651 1206 Geert
674 1163 837 1205 Groote
860 1165 903 1205 te
926 1163 1089 1205 Zwolle
1114 1162 1349 1219 werkelijk
1372 1162 1440 1204 die
1463 1161 1528 1204 rol
1553 1175 1640 1204 van
1662 1165 1835 1217 geeste-

185 1232 321 1289 lijken
361 1231 511 1288 spioen
543 1233 701 1289 jegens
740 1231 825 1274 den
863 1231 1140 1275 Dordtschen
1171 1231 1401 1289 augustijn
1444 1231 1650 1287 gespeeld
1697 1231 1831 1284 heeft,

186 1305 333 1345 weten
356 1302 427 1358 wij
454 1302 561 1354 niet,
603 1314 724 1343 maar
747 1301 831 1343 wel
875 1301 949 1343 dat
983 1301 1348 1343 Bartholomaeus
1388 1300 1541 1343 aldaar
1574 1314 1832 1344 sermoenen

188 1370 309 1414 heeft
332 1370 576 1426 gepredikt‚
605 1370 754 1413 alsook
777 1370 882 1412 kort
904 1370 1070 1412 daarna
1091 1373 1137 1413 te
1161 1369 1492 1421 Woudrichem,
1519 1383 1571 1412 en
1603 1369 1678 1412 dat
1700 1370 1835 1414 Geert

188 1438 352 1480 Groote
384 1437 482 1480 hem
521 1435 628 1480 voor
666 1438 743 1480 het
780 1438 1015 1495 geestelijk
1057 1437 1137 1480 hof
1171 1453 1255 1481 van
1295 1439 1483 1482 Utrecht
1524 1437 1601 1480 liet
1639 1436 1780 1493 dagen
1797 1433 1830 1478 ⁴.

251 1506 329 1549 Om
362 1506 436 1549 dat
459 1506 553 1548 doel
577 1509 622 1549 te
654 1506 862 1549 bereiken
887 1507 974 1549 had
996 1507 1131 1550 Geert
1154 1507 1318 1550 Groote
1342 1522 1424 1550 aan
1448 1507 1531 1549 den
1555 1505 1835 1561 hisschoppe-

188 1575 325 1633 lijken
350 1574 505 1617 vicaris
528 1575 817 1630 geschreven,
845 1576 944 1618 hem
967 1589 1019 1631 op
1044 1576 1120 1619 het
1142 1576 1245 1618 hart
1268 1575 1525 1618 drukkende
1548 1574 1622 1617 dat
1654 1574 1706 1617 de
1737 1573 1833 1616 ket-

187 1645 345 1700 terijen
369 1644 464 1687 zich
487 1645 600 1687 alom
624 1645 667 1687 in
686 1646 714 1688 't
737 1645 909 1701 geheim
927 1644 1216 1688 verbreidden
1241 1660 1294 1688 en
1315 1647 1403 1697 dat,
1427 1659 1504 1688 zoo
1527 1657 1606 1687 een
1628 1643 1834 1686 weetniet

189 1727 243 1756 en
269 1713 667 1770 geloofsverdelger
702 1715 766 1757 als
800 1714 1162 1757 Bartholomaeus
1194 1718 1349 1771 gerust
1381 1715 1530 1757 mocht
1561 1711 1834 1767 voortpredi-

189 1783 292 1835 ken,
330 1783 382 1826 de
405 1784 575 1828 ketters
612 1784 760 1827 overal
791 1784 942 1827 hunne
975 1784 1172 1841 hoornen
1212 1783 1379 1827 zouden
1419 1782 1631 1838 opsteken
1671 1794 1724 1824 en
1758 1780 1836 1823 der

188 1855 344 1898 leeken
369 1853 598 1896 overmoed
620 1853 734 1896 alom
757 1853 809 1895 de
837 1852 1173 1909 geestelijkheid
1199 1867 1251 1895 en
1283 1853 1334 1894 de
1356 1851 1588 1909 vrijheden
1611 1851 1688 1893 der
1711 1849 1835 1892 Kerk

187 1923 423 1979 bedreigen
446 1936 526 1965 zou
549 1926 637 1965 met
661 1921 919 1977 ondergang
943 1924 1010 1965 tot
1032 1925 1161 1978 groot
1184 1921 1420 1965 schandaal
1444 1934 1528 1964 van
1553 1920 1631 1963 het
1653 1920 1834 1976 geheele

189 1992 308 2036 volk.
337 1992 468 2035 Zulks
487 1990 575 2033 kon
593 1991 644 2034 de
667 1990 1034 2047 bisschoppelijke
1055 1990 1280 2047 Inquisitie
1299 1990 1389 2034 niet
1412 1990 1612 2047 lijdzaam
1631 1989 1829 2032 aanzien.

233 2223 246 2245 1
271 2216 395 2250 Intrat
421 2217 599 2250 tabernas
631 2218 669 2251 et
698 2217 825 2259 captat
855 2217 1041 2251 amicitias
1072 2217 1260 2259 maj0rum
1290 2217 1328 2250 et
1357 2216 1549 2250 neminem
1580 2215 1764 2258 inculpat.
1789 2232 1834 2241 —

190 2271 323 2305 Hoorn
350 2280 536 2305 evenzoo:
568 2271 825 2305 penitentiam
853 2273 979 2306 autem
1007 2272 1045 2305 et
1072 2272 1197 2305 carnis
1224 2271 1469 2304 affiictionem
1493 2271 1532 2304 et
1555 2270 1695 2304 similia
1717 2272 1832 2306 verbo

188 2326 295 2360 simul
325 2328 364 2360 et
387 2335 502 2369 opere
527 2327 780 2367 dissuadebat,
807 2327 937 2361 dicens
962 2326 1153 2360 Christum
1176 2327 1293 2360 fuisse
1318 2328 1458 2360 bonum
1483 2326 1629 2360 socium
1653 2326 1692 2359 et
1707 2327 1833 2369 sepius

188 2381 409 2415 interfuisse
445 2382 626 2415 conviviis
662 2383 700 2415 et
729 2382 880 2424 potasse
910 2382 1039 2415 vinum
1069 2383 1108 2416 et
1138 2382 1265 2415 carnis
1297 2381 1577 2416 oblectamenta
1606 2381 1727 2415 vitare
1758 2391 1833 2415 non

190 2436 376 2470 docuisse.

231 2497 245 2518 2
268 2491 459 2535 Religiosi
477 2491 625 2525 nullum
637 2492 779 2527 habent
794 2492 1041 2535 privilegium
1064 2493 1300 2535 predicandi,
1326 2493 1399 2525 nisi
1417 2491 1567 2534 quando
1584 2490 1751 2526 voluerit
1767 2500 1833 2526 eos

188 2548 342 2580 curatus
359 2547 579 2589 admittere3
598 2548 652 2581 sic
669 2548 768 2590 quod
783 2548 908 2590 potest
925 2556 989 2581 eos
1006 2548 1209 2581 admittere
1226 2548 1285 2582 vel
1303 2557 1390 2581 non.

233 2601 247 2624 3
270 2601 318 2634 Et
334 2610 407 2644 ego
424 2601 563 2635 vellem
579 2611 665 2635 eum
689 2603 835 2637 secrete
859 2602 991 2636 audire
1008 2603 1046 2635 et
1061 2612 1147 2636 cum
1164 2603 1327 2645 notario,
1345 2602 1494 2644 quando
1512 2602 1626 2637 vellet
1639 2602 1834 2635 vobiscum

189 2656 423 2698 praedicare.
449 2656 497 2689 Et
522 2657 611 2689 tunc
637 2667 712 2690 non
736 2657 927 2691 deberetis
951 2657 1023 2690 sibi
1048 2657 1370 2701 (Bartholomaeo)
1395 2658 1632 2699 interdiceri,
1649 2657 1716 2691 sed
1738 2655 1833 2690 mihi

190 2710 432 2752 demandare,
464 2711 506 2743 ut
536 2712 683 2745 secreto
715 2712 898 2753 venirem,
932 2712 970 2744 et
1001 2712 1054 2744 sic
1084 2713 1224 2746 furtive
1260 2722 1483 2755 caperemus
1515 2721 1602 2747 eum
1636 2712 1675 2745 in
1707 2711 1833 2744 verbis

189 2765 361 2799 erroneis
389 2766 428 2799 et
451 2765 740 2800 excluderemus
765 2775 852 2800 eum
875 2775 898 2800 a
921 2767 1219 2808 praedicatione,
1238 2769 1280 2801 ut
1302 2778 1378 2802 non
1402 2768 1637 2811 gloriaretur
1660 2765 1833 2800 diabolus

190 2827 259 2859 per
276 2828 373 2852 eum.

233 2878 247 2899 4
270 2873 479 2908 Buschius:
509 2875 567 2908 Ad
594 2876 740 2910 curiam
767 2875 1053 2919 Trajectensem
1080 2886 1168 2910 eum
1194 2877 1305 2912 citari
1332 2877 1564 2921 procuravit,
1589 2876 1667 2910 suis
1691 2876 1833 2910 ibidem

191 2927 468 2969 objectionibus
485 2931 524 2963 in
541 2931 705 2964 termino
723 2932 795 2965 sibi
812 2933 957 2974 prefixo
975 2941 1238 2974 responsurus.
