2008 3166
234 392 295 424 156
684 390 748 424 DE
775 389 1041 424 BROEDERS
1081 390 1146 424 EN
1187 390 1405 425 ZUSTERS

231 502 351 545 Kerk
391 503 434 545 te
478 501 703 557 regelen¹.
748 501 1121 558 Waarschijnlijk
1163 501 1305 544 zullen
1346 501 1397 559 zij
1434 501 1531 544 dien
1565 501 1731 558 goeden
1763 501 1867 544 raad

231 570 416 626 gevolgd
450 570 636 614 hebben.
679 571 771 615 Ook
797 571 892 613 zien
928 571 999 627 wij
1037 570 1237 626 bisschop
1275 570 1482 613 Frederik
1528 583 1616 612 van
1650 568 1867 612 Blanken-

231 640 362 691 heim,
409 638 464 695 bij
519 639 663 695 zijnen
718 638 961 682 bevelbrief
998 653 1081 681 van
1130 639 1188 681 30
1231 639 1353 694 April
1401 639 1530 689 1401,
1577 651 1774 694 gegeven
1823 641 1868 682 te

232 708 460 758 Utreehtz
502 709 543 751 al
567 708 680 766 zijne
704 709 960 751 diocesanen
1001 707 1242 760 berichten‚
1269 709 1342 751 dat
1376 707 1434 764 hij
1470 707 1521 750 de
1543 707 1782 764 inrichting
1815 721 1866 750 en

231 777 283 819 de
308 777 589 834 levenswijze
617 777 694 819 der
729 777 943 821 Broeders
976 791 1027 819 en
1055 778 1234 820 Zusters
1273 791 1355 820 van
1391 778 1467 820 het
1499 786 1707 833 gemeene
1740 776 1867 819 leven

231 846 471 902 goedkeurt
511 859 565 888 en
604 845 842 902 bevestigt.

291 914 353 970 Op
386 915 655 970 aandringen
691 929 775 957 van
800 915 960 958 zekere
992 915 1311 971 godvruchtige
1335 928 1549 970 personen
1575 920 1675 973 zegt
1707 916 1759 958 de
1781 914 1870 959 bis·

232 985 364 1039 schop
387 983 545 1026 kennis
570 987 613 1026 te
635 982 803 1026 hebben
829 997 1044 1039 genomen
1069 998 1152 1026 van
1175 983 1228 1026 de
1251 984 1456 1039 gunstige
1479 985 1700 1036 adviezen,
1727 984 1871 1028 welke

232 1051 285 1094 de
310 1052 521 1096 Broeders
545 1066 600 1095 en
623 1053 801 1096 Zusters
823 1067 908 1096 van
926 1052 1104 1109 talrijke
1126 1052 1331 1095 doctoren
1352 1053 1393 1094 in
1414 1053 1465 1095 de
1483 1053 1865 1110 godgeleerdheid‚

231 1123 272 1165 in
299 1122 350 1164 de
374 1122 554 1165 rechten
579 1135 630 1164 en
656 1122 699 1164 in
725 1121 777 1164 de
801 1122 1006 1164 decreten
1029 1121 1199 1164 hebben
1219 1121 1457 1178 gekregen.
1481 1123 1721 1179 Overigens
1745 1122 1869 1167 heeft

232 1191 378 1248 wijlen
404 1205 512 1247 paus
529 1191 769 1246 Gregorius
792 1191 857 1233 XI
881 1191 980 1233 hem
1001 1189 1227 1248 bijaonder
1244 1191 1384 1246 gelast
1408 1194 1498 1234 met
1519 1206 1600 1234 een
1623 1191 1869 1234 onderzoek

232 1274 336 1303 over
357 1261 506 1303 hunne
542 1263 870 1317 Broederschap
906 1265 936 1305 ⁵.
957 1263 1062 1304 Dien
1088 1266 1162 1305 ten
1186 1260 1384 1318 gevolge,
1414 1262 1686 1306 handelende
1709 1262 1868 1306 krach-

231 1335 328 1372 tens
358 1330 471 1387 zijne
495 1329 858 1388 bisschoppelijke
890 1331 1036 1374 macht
1075 1345 1127 1373 en
1157 1334 1310 1375 tevens
1342 1331 1581 1374 krachtens
1615 1332 1682 1374 die
1714 1345 1870 1387 pause-

232 1398 336 1454 lijke
360 1399 570 1454 opdracht
588 1397 619 1450 ⁴,
647 1401 848 1444 verleent
870 1400 929 1457 hij
956 1401 1038 1443 den
1064 1400 1277 1442 Broeders
1300 1413 1351 1442 en
1377 1401 1554 1443 Zusters
1578 1400 1631 1443 de
1654 1399 1870 1456 toelating

230 1467 271 1509 in
316 1467 494 1510 hunnen
526 1482 712 1512 .vromen
758 1469 1072 1512 levenshandel
1122 1473 1165 1511 te
1208 1469 1498 1519 volharden5‚
1548 1469 1647 1512 mits
1685 1469 1737 1525 zij
1779 1468 1869 1511 niet

230 1535 410 1580 bedelen
451 1551 505 1579 en
540 1551 678 1593 geene
710 1538 1047 1594 ongeoorloofde
1089 1539 1196 1582 orde
1236 1552 1428 1589 vot-men,
1477 1538 1650 1595 strijdig
1687 1541 1775 1581 met
1817 1537 1870 1580 de

231 1605 554 1648 voorschriften
588 1607 693 1649 door
726 1621 832 1662 paus
868 1608 1094 1651 Johannes
1128 1607 1260 1649 XXII
1294 1606 1576 1662 vastgesteld.
1615 1606 1704 1649 Ten
1739 1606 1869 1649 slotte

231 1672 433 1717 verbiedt
458 1674 519 1731 hij
550 1689 631 1718 aan
656 1676 696 1717 al
719 1675 771 1718 de
795 1677 1062 1719 onderzaten
1096 1689 1184 1719 van
1207 1675 1291 1732 zijn
1317 1673 1481 1718 bisdom
1503 1674 1555 1718 de
1578 1675 1792 1718 Broeders
1814 1689 1868 1718 en

231 1743 409 1786 Zusters
434 1748 476 1786 te
515 1746 830 1787 verontrusten
851 1743 880 1787 ⁰.

292 1813 350 1855 De
394 1813 522 1869 lange
567 1827 619 1855 en
660 1813 906 1870 eenigszins
944 1812 1084 1868 bange
1122 1813 1251 1870 strijd
1294 1812 1371 1854 der
1416 1812 1743 1868 Broederschap
1781 1826 1867 1855 van

228 1882 363 1925 Geert
385 1883 546 1926 Groote
580 1887 709 1938 tegeri
733 1883 785 1924 de
808 1882 1050 1940 pauselijke
1073 1881 1297 1937 Inquisitie
1331 1895 1423 1924 was
1445 1881 1667 1923 hiermede
1690 1881 1870 1938 gunstig

228 1951 498 2007 afgeloopen.
527 1951 618 1993 Een
644 1951 877 2008 vijftiental
908 1952 1037 2009 jaren
1064 1951 1190 1999 later,
1226 1950 1270 1992 in
1301 1950 1426 2002 1417,
1472 1950 1566 1992 zien
1598 1949 1688 2008 wij,
1726 1950 1811 1993 wel
1834 1950 1870 1993 is

273 2219 283 2240 1
310 2214 473 2257 Propter
490 2214 738 2256 quorumdam
756 2215 952 2257 opiniones
978 2214 1015 2247 in
1040 2214 1112 2246 hoc
1135 2214 1296 2247 materia
1312 2213 1451 2247 diversi
1468 2213 1570 2246 modi
1596 2212 1872 2255 suspirancium

230 2270 268 2302 et
285 2278 332 2302 ne
349 2269 448 2303 dicte
465 2279 649 2312 pauperes
675 2270 758 2312 aliJ's
784 2271 859 2303 sint
883 2269 979 2311 lapis
997 2269 1217 2302 offensionis
1234 2269 1271 2302 et
1288 2268 1434 2301 occasio
1452 2268 1710 2310 detractionis,
1728 2269 1872 2302 utinam

230 2325 260 2357 si
280 2325 370 2366 quid
388 2334 560 2366 saperem
589 2325 635 2358 ad
653 2325 801 2359 cautela
817 2325 995 2365 studium,
1021 2323 1259 2356 consulerem
1276 2324 1381 2366 ipsis,
1397 2324 1438 2356 ut
1458 2324 1503 2356 ab
1524 2324 1700 2365 episeopo
1721 2323 1871 2365 Trajec-

230 2381 327 2413 tensi
345 2380 457 2413 simul
483 2380 680 2413 habitandi
707 2385 743 2413 et
775 2380 814 2413 in
845 2380 1034 2412 communi
1059 2379 1207 2412 vivendi
1229 2379 1425 2413 lIcentiam
1452 2378 1628 2411 studeant
1652 2378 1870 2420 impetrare.

230 2435 386 2479 (Corpus
402 2436 450 2477 ΙΙ,
468 2436 538 2468 blz.
560 2435 649 2477 162.)

273 2491 287 2512 ’ν’
311 2491 467 2524 Archief
484 2500 553 2524 van
571 2491 635 2524 het
653 2491 904 2524 aartsbisdom
921 2489 1102 2530 Utrecht3
1122 2490 1328 2532 afgedrukt
1347 2490 1394 2531 bij
1415 2489 1594 2530 Hofman,
1612 2488 1667 2522 De
1689 2487 1873 2522 Broeders

231 2557 305 2580 van
335 2547 358 2579 ’t
383 2556 559 2590 yemeene
586 2545 702 2586 leven,
733 2555 810 2579 enz.
842 2546 880 2578 in
909 2545 975 2578 het
1004 2543 1163 2588 Archief
1187 2554 1276 2578 voor
1307 2543 1352 2577 de
1378 2543 1501 2588 yesch.
1536 2554 1612 2578 van
1642 2543 1702 2577 het
1732 2543 1870 2577 aartsb.

240 2599 400 2641 Utreclzt,
419 2600 502 2634 deel
522 2601 572 2642 11,
592 2601 660 2633 blz.
679 2600 844 2641 229-2363
866 2599 1006 2642 Corpus
1022 2599 1073 2640 II,
1092 2599 1160 2631 blz.
1182 2598 1340 2631 190-193.

275 2660 289 2683 3
313 2656 383 2695 Qui
408 2665 522 2698 super
547 2665 591 2689 eo
616 2656 849 2698 suscepimus
866 2655 1007 2687 domini
1027 2654 1202 2697 Gregorii
1219 2654 1311 2686 olim
1335 2662 1455 2696 papae
1472 2654 1526 2687 XI
1544 2653 1747 2696 specialem
1765 2662 1870 2686 com-

233 2712 469 2745 missionem.

277 2769 290 2791 4
316 2767 411 2800 Tum
428 2777 472 2800 ex
488 2767 716 2800 auctoritate
733 2766 863 2799 nostra
879 2764 1085 2804 ordinaria,
1104 2765 1183 2797 tum
1202 2774 1248 2797 cx
1265 2764 1531 2797 commissione
1548 2762 1766 2806 apostolica.

277 2829 290 2849 ⁵
315 2822 442 2856 Onder
474 2822 614 2855 andere
642 2823 731 2855 deze
763 2821 1066 2864 merkwaardige
1094 2821 1335 2862 Vergunning
1360 2830 1366 2852 :
1402 2819 1527 2860 thue
1555 2819 1697 2852 erroris
1726 2819 1871 2853 foveam

234 2877 368 2911 melius
397 2878 575 2914 devitent,
607 2878 829 2918 frequenter
856 2885 1002 2909 sacram
1030 2877 1257 2918 scripturam
1286 2876 1324 2908 et
1351 2874 1468 2907 libros
1497 2874 1714 2907 sanctorum
1737 2883 1873 2916 appro-

234 2934 339 2965 batos
357 2933 394 2965 in
413 2933 546 2966 Latino
564 2941 628 2965 seu
648 2933 761 2965 etiam
780 2932 818 2964 in
836 2931 983 2974 vulgari
1002 2931 1102 2964 edito
1120 2930 1262 2973 legant.

275 2993 289 3012 *ἱ
313 2988 355 3019 In
381 2997 474 3020 eene
498 2988 580 3020 acte
598 2997 667 3020 van
686 2988 751 3020 het
767 2987 930 3030 volgcnd
954 2988 1036 3027 jaar
1053 2986 1108 3028 (19
1133 2986 1207 3019 Mei
1235 2985 1332 3027 1402)
1349 2984 1493 3017 schonk
1509 2984 1678 3017 dezelfde
1696 2983 1871 3026 bisschop

236 3043 430 3085 nogmaals
455 3043 550 3083 zijne
574 3042 838 3085 goedkeuring
861 3051 933 3075 aan
957 3043 1029 3075 den
1053 3041 1288 3085 levensregel
1315 3041 1382 3074 der
1407 3038 1692 3082 Broederschap
1717 3038 1872 3083 (Corpus

236 3099 287 3140 ΙΙ,
307 3098 377 3131 blz.
398 3097 487 3141 193.)
