2008 3278
160 274 204 307 72
599 276 662 310 DE
699 277 934 312 OPKOMST
968 276 1068 311 VAN
1103 278 1168 311 DE
1203 277 1355 311 SECTE

159 385 263 427 rood
296 385 417 428 kruis
451 399 543 428 was
576 387 773 442 genaaid.
813 387 898 430 Het
925 386 1187 444 gelijktijdig
1219 387 1333 431 Boeo
1363 400 1452 432 van
1483 387 1559 432 der
1602 389 1789 434 Wraken

158 459 282 509 zegt:
319 471 336 494 α
360 454 450 496 Een
475 454 635 512 hoyke,
665 455 730 498 als
763 455 830 498 die
863 457 1076 512 meneghe
1100 459 1229 507 weet‚
1263 454 1270 513 Ι
1299 456 1372 500 dat
1394 470 1486 500 was
1510 457 1593 514 sijn
1617 462 1791 503 ove-rste

155 524 290 573 cleet;
321 525 329 580 1
357 536 469 565 enen
509 537 696 579 eaproen
740 525 1040 581 aenghedaen,
1073 526 1080 581 Ι
1108 525 1212 568 daer
1256 539 1309 582 op
1353 539 1466 568 enen
1499 527 1645 570 velten
1689 528 1793 570 hoet

155 591 381 647 ghestaen,
415 590 421 648 Ι
451 592 555 635 daer
588 606 639 648 op
673 593 870 650 ghenayt
901 607 1006 636 eene
1040 607 1168 637 cruce
1192 599 1287 637 root
1306 595 1337 637 ¹.
1365 611 1382 632 1>
1414 596 1498 636 Ter
1520 595 1637 638 hand
1661 596 1787 639 droe-

155 673 238 715 gen
262 661 314 717 zij
339 660 392 703 de
409 660 538 703 roede
561 661 640 704 der
664 660 944 718 boetelingen
968 660 1154 719 (baculus
1174 664 1575 718 poenitentiarius).

216 729 445 772 Wanneer
467 729 518 786 zij
544 729 587 771 in
611 742 717 772 eene
735 729 832 772 stad
850 730 998 772 hunne
1016 729 1187 773 intrede
1210 730 1364 782 deden,
1387 731 1521 787 droeg
1543 745 1642 774 rnen
1663 746 1790 776 voor-

152 809 234 839 aan
268 810 347 840 een
381 797 519 848 kruiS,
559 811 702 840 vanen
736 812 790 841 en
825 798 1075 841 brandende
1116 800 1417 852 waskaarsen‚
1455 800 1498 842 in
1532 802 1711 856 grooter
1742 802 1792 845 of

154 865 325 908 kleiner
360 864 529 922 geta12.
567 866 627 923 Zij
662 870 836 923 stapten
877 869 991 910 twee
1025 881 1108 911 aan
1140 871 1256 911 twee
1289 882 1343 911 en
1375 869 1568 913 trokken
1602 870 1788 926 zingend

155 937 298 986 voert,
325 934 445 977 ieder
472 935 514 977 in
542 936 656 992 zijne
682 935 950 979 moedertaal
978 936 1170 979 liederen
1194 950 1298 979 over
1319 938 1447 981 Jesus
1470 952 1523 980 en
1548 938 1662 994 zijne
1689 939 1790 982 Hei-

151 1003 237 1058 lige
271 1003 449 1046 Moeder
471 1006 560 1047 met
582 1004 722 1047 luider
745 1007 927 1048 stemme
956 1004 1245 1048 aanheffende
1263 1006 1294 1050 ⁵.
1321 1007 1380 1049 Te
1404 1006 1594 1049 Doornik
1617 1021 1788 1064 zongen

152 1073 205 1128 zij
230 1072 355 1115 aldus
389 1073 726 1131 stoetsgewij2e‚
763 1074 907 1117 totdat
932 1074 984 1131 zij
1020 1074 1063 1116 in
1098 1074 1149 1116 de
1172 1073 1415 1118 hoofdkerk
1449 1075 1526 1118 het
1562 1076 1789 1119 vermaard

152 1140 416 1184 Mariabeeld
441 1141 611 1186 bereikt
627 1142 816 1186 hadden.
838 1144 1009 1186 Daarna
1025 1142 1221 1199 begaven
1243 1144 1292 1201 zij
1314 1143 1411 1187 zich
1430 1157 1538 1187 naar
1557 1144 1608 1187 de
1627 1146 1790 1190 Groote

151 1209 298 1253 Markt
322 1210 369 1252 of
387 1225 493 1254 naar
517 1211 592 1254 het
615 1211 801 1254 voorhof
818 1211 895 1254 der
917 1211 1377 1270 Sint-Maartensabdij
1404 1213 1571 1256 aldaar.
1598 1213 1648 1255 In
1682 1226 1790 1258 eene

152 1279 198 1321 of
218 1279 380 1323 andere
402 1280 632 1336 geschikte
665 1281 807 1336 plaats
840 1281 997 1337 legden
1031 1281 1084 1338 zij
1118 1281 1266 1323 hunne
1299 1283 1519 1324 schoenen
1552 1296 1605 1324 en
1639 1282 1788 1341 hunne

150 1347 385 1391 kleederen
418 1348 466 1392 af
495 1363 548 1392 en
581 1349 751 1393 stelden
785 1364 833 1393 er
863 1349 1093 1393 bewakers
1127 1364 1244 1393 over.
1283 1351 1341 1407 Zij
1378 1350 1606 1393 behielden
1640 1351 1789 1394 hunne

151 1421 323 1461 mutsen
357 1431 412 1460 en
444 1417 614 1461 hoeden
649 1432 701 1461 en
735 1419 788 1476 zij
823 1417 1017 1474 gordden
1050 1419 1145 1462 zieh
1179 1432 1247 1462 om
1278 1419 1330 1463 de
1353 1419 1510 1462 lenden
1534 1419 1670 1462 onder
1702 1419 1786 1463 den

152 1486 279 1529 navel
303 1499 383 1529 een
405 1486 509 1530 stuk
531 1486 697 1538 linnen,
725 1487 800 1531 dat
821 1487 965 1530 schier
989 1490 1053 1531 tot
1072 1501 1124 1544 op
1148 1488 1231 1531 den
1255 1488 1395 1544 grond
1417 1488 1539 1544 hing,
1567 1488 1719 1532 zoodat
1739 1503 1789 1532 ze

150 1558 336 1614 geleken
359 1571 412 1614 op
436 1557 626 1602 bakkers
659 1557 765 1602 νὸὁῐ·
798 1559 977 1603 hunnen
1011 1573 1123 1603 oven
1140 1557 1174 1605 4.
1198 1560 1249 1603 In
1272 1560 1422 1604 hunne
1445 1559 1562 1603 hand
1593 1559 1787 1618 droegen

147 1627 200 1685 zij
226 1627 376 1671 hunne
398 1627 760 1684 geeselkoorden.

191 1838 202 1860 1
219 1835 337 1868 Breve
363 1833 562 1868 chronicon
588 1835 796 1869 Flcmdrz'ae
823 1845 831 1868 :
863 1836 911 1869 Et
940 1836 1101 1878 quilibet
1131 1836 1295 1871 habebat
1326 1837 1521 1880 flagellum
1551 1847 1636 1872 cum
1665 1839 1787 1872 tribus

150 1890 262 1923 coriis
290 1891 336 1923 ad
364 1891 516 1923 modum
542 1891 666 1924 ferule
694 1901 900 1933 puerorum
928 1894 966 1925 et
989 1892 1028 1924 in
1053 1893 1128 1926 fine
1152 1902 1237 1926 cum
1261 1893 1382 1926 tribus
1406 1893 1526 1926 nodis.
1556 1895 1604 1928 Et
1627 1888 1791 1936 quilibet

150 1945 269 1978 nodus
287 1946 358 1978 fuit
376 1947 580 1979 transfixus
596 1946 636 1979 in
654 1947 806 1980 modum
823 1948 945 1981 erucis
962 1948 1105 1981 duabus
1129 1949 1280 1989 acubus,
1298 1949 1353 1982 ita
1369 1949 1410 1982 ut
1426 1958 1515 1982 aeus
1533 1950 1579 1982 ad
1599 1950 1786 1992 quantita-

150 2003 226 2035 tem
245 2002 399 2034 seminis
416 2002 550 2035 hordei
568 2003 852 2044 protenderent.

194 2062 207 2083 2
225 2057 277 2089 Le
303 2057 432 2089 Muisit
452 2067 459 2089 z
486 2057 534 2090 Et
559 2058 744 2091 intrantes
769 2059 807 2091 in
832 2059 1037 2100 civitatem,
1061 2059 1310 2101 portabantur
1333 2069 1438 2099 crux,
1456 2059 1596 2093 vexilla
1620 2061 1659 2093 et
1686 2061 1788 2094 cerei

147 2112 250 2151 torti,
269 2112 473 2145 secundum
493 2122 603 2154 posse
621 2121 765 2154 eorum,
785 2113 901 2155 aliqui
919 2113 1061 2156 plures,
1081 2114 1199 2156 aliqui
1217 2115 1428 2156 pauciores.
1447 2133 1489 2138 —
1502 2115 1625 2148 Jehan
1639 2114 1675 2148 le
1689 2115 1758 2149 Bel
1774 2126 1781 2148 t

148 2166 197 2199 Et
212 2167 404 2208 portoient
423 2168 572 2200 erueilis
594 2169 631 2201 et
648 2170 854 2201 confanons
879 2170 916 2202 et
939 2171 1102 2211 grandes
1128 2170 1328 2203 bannieres
1345 2170 1391 2203 de
1408 2170 1539 2203 eendal
1558 2180 1627 2212 par
1643 2170 1782 2204 manie-

147 2231 206 2254 res
233 2222 279 2255 de
306 2223 558 2264 processions.
587 2239 629 2246 —-
659 2224 777 2257 Breve
804 2223 1000 2258 chronicon
1029 2224 1262 2258 Flarzdrz'ac:
1295 2224 1413 2258 Cruee
1440 2225 1667 2267 precedente
1703 2236 1788 2259 cum

148 2277 296 2310 vexillis
313 2277 351 2310 et
367 2277 542 2310 candelis.
563 2278 640 2319 (Zie
657 2278 703 2312 de
720 2279 930 2321 gekleurde
946 2279 1049 2322 plaat
1065 2281 1104 2312 in
1117 2280 1181 2314 het
1195 2280 1261 2313 Hs.
1277 2289 1347 2313 van
1362 2280 1413 2313 Le
1427 2280 1582 2322 Muisit).

192 2333 206 2355 ³
222 2332 274 2365 Le
298 2331 454 2366 Muisit:
482 2333 673 2366 Cantando
698 2335 904 2367 seeundum
928 2344 1036 2368 suum
1057 2336 1209 2375 idioma,
1228 2335 1418 2378 Flamingi
1442 2336 1481 2368 in
1507 2336 1702 2379 flamingo,
1727 2336 1786 2369 illi

148 2388 193 2420 de
212 2387 417 2420 Brabantia
441 2388 479 2420 in
503 2387 721 2421 theutonico
748 2391 785 2422 et
804 2388 939 2423 Gallici
963 2390 1001 2422 in
1020 2390 1171 2432 gallico.
1191 2391 1260 2432 (De
1277 2390 1479 2425 Waalsche
1495 2391 1781 2434 kronijkschrij-

147 2451 214 2475 ver
230 2452 301 2475 van
319 2443 490 2476 Doornik
508 2444 634 2476 beeldt
657 2444 738 2477 zieh
755 2445 804 2486 in,
824 2445 887 2478 dat
903 2444 1130 2488 Vlamingen
1155 2454 1202 2479 en
1219 2446 1458 2479 Brabanders
1482 2447 1578 2479 twee
1594 2446 1783 2480 verschil-

148 2497 256 2531 lende
274 2497 375 2531 talen
392 2498 584 2540 spraken.)
600 2518 644 2522 —
658 2499 783 2533 Jehan
800 2499 836 2533 le
854 2500 923 2534 Bel
943 2510 949 2531 :
970 2501 1018 2534 Et
1041 2501 1184 2534 aloient
1208 2510 1276 2543 par
1300 2501 1355 2534 les
1380 2510 1466 2535 rues
1492 2502 1590 2534 deux
1615 2502 1652 2535 et
1669 2502 1781 2544 deux,

149 2552 329 2585 chantant
345 2553 582 2587 haultement
599 2554 815 2588 chanchons
832 2556 878 2588 de
896 2556 991 2588 Dieu
1008 2556 1046 2589 et
1062 2555 1197 2589 Nostre
1216 2557 1333 2589 Dame
1350 2557 1488 2590 rimees
1514 2558 1551 2589 et
1568 2557 1722 2590 dictees.
1741 2575 1784 2581 —

151 2607 262 2641 Gesta
289 2607 464 2641 abbatum
494 2608 812 2643 Trudincnsz'nm:
841 2611 912 2649 Qui
940 2611 1018 2644 bini
1043 2612 1080 2644 et
1105 2611 1183 2644 bini
1206 2611 1540 2653 processionaliter
1563 2611 1782 2646 incedentes

146 2663 353 2696 cantilenas
370 2664 629 2697 lamentabiles
646 2665 902 2706 proferebant.

191 2723 202 2741 ⁴
224 2718 316 2750 Boec
332 2727 405 2750 van
423 2717 489 2750 der
518 2716 694 2760 Wraken,
714 2720 795 2752 (leel
814 2720 884 2759 ΙΙΙ,
903 2731 934 2752 v.
958 2720 1165 2752 1975-19861
1186 2721 1265 2754 Alsi
1290 2721 1381 2755 hare
1408 2723 1620 2763 penitencie
1638 2723 1779 2756 souden

147 2772 257 2813 (loen,
274 2772 286 2814 l
303 2774 422 2806 datlen
440 2775 469 2806 si
487 2774 550 2806 ute
568 2783 705 2807 consen
723 2776 819 2808 ende
836 2785 947 2808 seoen
967 2776 979 2818 l
995 2777 1089 2809 ende
1107 2777 1198 2809 haer
1215 2776 1342 2809 eleder
1359 2776 1597 2819 alghemene‚
1615 2777 1629 2819 l
1645 2778 1782 2810 sonder

147 2827 210 2859 dat
242 2828 457 2861 nedereleet
484 2829 619 2867 allene,
649 2829 662 2871 l
693 2839 796 2863 arme
829 2831 923 2863 ende
955 2831 1161 2865 scouderen
1191 2833 1317 2873 naect3
1347 2830 1361 2873 l
1388 2832 1507 2874 (aldus
1540 2832 1687 2865 hadden
1720 2833 1782 2874 zijt

145 2879 356 2923 ghemaeet)
384 2883 392 2921 l
419 2882 514 2914 ende
538 2882 629 2915 daer
655 2884 773 2916 boven
798 2884 919 2916 daden
948 2885 979 2916 si
1004 2894 1050 2918 an
1075 2883 1087 2927 s
1113 2893 1182 2917 een
1207 2886 1272 2917 wit
1296 2885 1425 2918 linnen
1451 2885 1548 2918 elect
1572 2887 1644 2919 dan
1665 2885 1678 2928 l
1703 2887 1781 2919 met

144 2935 344 2977 menigher
358 2936 495 2977 ployen
520 2937 755 2980 ghevouden,
774 2938 787 2981 s
805 2939 883 2972 also
909 2940 972 2981 sijt
996 2939 1143 2973 hebben
1160 2941 1332 2982 wouden,
1353 2942 1362 2980 Ι
1379 2941 1442 2973 dat
1458 2940 1545 2973 hem
1562 2940 1689 2974 sloech
1708 2950 1779 2974 van

145 2990 217 3022 den
242 2991 371 3023 steden
386 2990 398 3033 s
415 2992 492 3024 tote
518 3001 564 3034 op
589 2992 682 3025 haer
699 2994 807 3027 voete
831 2995 1014 3028 beneden.
1035 3012 1077 3019 —
1094 2995 1146 3029 Le
1171 2994 1302 3029 Muisit
1319 3005 1327 3028 :
1346 2995 1404 3029 Ad
1427 2995 1546 3029 instar
1565 2996 1778 3030 vestimenti

142 3045 412 3086 fumariorum,
432 3046 581 3088 quando
599 3049 779 3082 exercent
798 3058 907 3082 suum
923 3059 1030 3092 opuS.
